3775 5759
786 664 938 710 nrtrnnara
963 664 1094 720 curura.
1145 655 1148 661 '
1458 644 1523 710 263

361 792 482 853 hamat
502 789 686 861 rationem,
712 803 811 868 qurum
838 787 934 849 tertia
960 786 1013 850 tta
1036 784 1077 847 nd
1099 789 1252 865 quartam
1279 784 1352 855 FE;
1388 785 1520 847 rectan-

359 897 474 979 gulum
496 895 580 961 GFE
604 897 731 977 primae
751 900 784 958 et
805 899 945 976 quartae
968 892 1105 973 aequale
1133 892 1196 955 erit
1225 891 1416 973 rectangnlo
1439 891 1520 959 clla

362 999 529 1067 secundae
552 1006 585 1064 et
608 1000 747 1073 tertiam
769 1017 849 1082 ergo
871 998 1056 1080 quadrata,
1090 1015 1175 1081 qnae
1208 998 1298 1063 hisce
1326 1001 1526 1082 rectangnlis

360 1110 514 1192 aequalia
538 1114 628 1180 sunt.
650 1108 802 1189 aequalia
822 1113 920 1171 erunt
943 1107 1028 1171 inter
1050 1122 1108 1170 se:
1131 1106 1324 1189 rectaogulo
1346 1124 1425 1171 vero
1443 1106 1525 1174 GFE

363 1216 504 1299 aequale
526 1221 576 1280 est
597 1215 797 1298 quadratum
820 1214 978 1280 dimidiae
998 1212 1080 1279 Gll:
1106 1213 1301 1296 rectangulo
1318 1218 1429 1278 antem
1445 1214 1527 1280 CBA

362 1326 505 1407 aequale
526 1329 576 1389 eat
597 1324 797 1406 quadratum
821 1322 978 1388 dimidiae
1000 1321 1066 1393 cl).
1088 1338 1168 1404 ergo
1190 1321 1351 1402 quadrata
1377 1322 1474 1399 haec,
1495 1329 1526 1386 et

359 1452 480 1501 eorum
504 1433 618 1508 latera,
641 1442 673 1497 et
696 1435 836 1498 laterum
861 1431 974 1515 dupla,
996 1431 1150 1515 aequalia
1172 1436 1278 1494 emnt.
1302 1431 1389 1496 llaec
1413 1437 1523 1496 autern

361 1549 445 1609 sunt
469 1541 702 1625 amplitudines
724 1542 794 1616 Gli,
816 1540 880 1615 (ΣΙ),
903 1556 983 1622 argo
1006 1543 1095 1620 patet
1120 1538 1331 1620 propositum.

762 1736 869 1784 ιιιιιιιι
893 1733 952 1783 mo
975 1734 1135 1791 saonam.
1264 1700 1268 1707 ⁶

453 1877 491 1945 St
512 1887 598 1943 recto
619 1877 702 1941 tinen
724 1884 808 1939 recta
830 1875 929 1957 {uerit
955 1883 1138 1957 utcunque,
1162 1874 1323 1958 quadratu
1357 1874 1530 1941 newu-

363 1992 452 2053 iutcr
478 1994 572 2050 totum
594 1993 623 2049 ct
644 1992 750 2066 partes
774 1982 922 2066 nepuultc
944 1991 1021 2047 runt
1045 1981 1200 2065 quadrato
1223 1985 1327 2048 totim.

457 2094 551 2161 Secta
575 2094 617 2157 sit
641 2093 696 2156 AB
720 2089 808 2176 (Fip.
828 2088 906 2178 120)
931 2095 1100 2172 utcunque
1123 2089 1157 2154 in
1179 2090 1215 2159 C.
1239 2092 1343 2168 Dico,
1365 2093 1528 2175 quadrata

366 2204 538 2269 linearum
554 2202 739 2267 mediarum
762 2202 847 2268 inter
871 2206 974 2265 totam
998 2201 1065 2276 AB,
1086 2207 1120 2265 et
1141 2206 1250 2283 parler
1273 2199 1339 2275 AG,
1354 2201 1407 2269 CB
1431 2204 1529 2268 simul

366 2318 521 2395 sumpta,
542 2310 694 2391 aequalia
718 2327 788 2375 esse
810 2311 973 2391 quadrato
996 2310 1097 2375 totius
1120 2311 1184 2376 ΑΒ.
1207 2311 1242 2376 ld
1265 2320 1376 2377 autem
1400 2318 1529 2378 constat

365 2420 531 2501 descripto
553 2418 764 2483 semicirculo
785 2421 968 2498 superno
987 2418 1055 2493 BA,
1072 2423 1105 2481 et
1123 2434 1165 2481 ex
1182 2418 1207 2485 C
1226 2425 1336 2484 erecta
1355 2420 1528 2503 porpendi-

365 2528 474 2593 calari
496 2526 563 2599 cn,
580 2528 772 2609 junctisque
793 2525 863 2600 DA,
885 2526 950 2592 llll
974 2526 1032 2591 Est
1054 2527 1143 2591 enim
1158 2527 1216 2592 lta
1231 2528 1338 2593 medic
1358 2528 1444 2595 inte'r
1462 2529 1526 2599 lta,

367 2632 436 2705 AC,
458 2635 571 2713 eatque
593 2632 648 2697 llll
671 2631 780 2695 media
803 2624 894 2695 intcr'
909 2632 976 2701 ΑΒ,
999 2631 1062 2709 BC,
1084 2641 1225 2716 suntque
1248 2636 1411 2716 quadrata
1426 2637 1531 2701 linea·

368 2754 446 2801 rum
466 2737 534 2811 lla,
549 2736 603 2801 llll
627 2737 725 2803 simul
741 2742 874 2819 sumptu
889 2738 1041 2819 aequalia
1056 2739 1219 2822 quadrato
1236 2741 1337 2806 totius
1355 2742 1422 2816 All,
1438 2746 1530 2806 'recto

369 2848 533 2913 existente
547 2846 669 2928 angulo
683 2846 768 2912 ΑΗΒ
783 2846 817 2911 in
831 2846 1062 2921 semicirculo:
1081 2866 1160 2932 ergo
1177 2854 1265 2931 patet
1284 2850 1499 2932 propositam.

676 3016 853 3081 annornm
877 3016 949 3088 vll.
973 3018 1157 3081 Pronosrrro
1181 3018 1220 3081 x.
1254 3006 1256 3008 ’

456 3170 607 3254 Impetus,
626 3190 683 3238 scu
704 3179 893 3239 momentum
915 3172 1079 3254 cujuslitet
1102 3174 1345 3255 semiparatolae
1367 3185 1528 3259 nequatur

366 3290 525 3348 momento
557 3283 748 3349 naturaliter
768 3282 907 3389 cudgrtttc
929 3283 964 3347 tn
984 3282 1232 3365 perpendiculari
1253 3282 1295 3348 ad
1316 3284 1533 3357 ὴοήωιιιοιι,

368 3408 454 3474 quoe
476 3400 569 3457 tuoto
589 3393 634 3457 rit.
653 3403 778 3477 punctu
799 3400 844 3455 cst
865 3393 1096 3475 comperimus
1117 3392 1308 3458 sullimitate
1331 3408 1403 3459 cum
1416 3392 1530 3458 altitu·
1551 3416 1553 3419 ·

369 3498 445 3563 diae
467 3499 721 3581 enneminta«.
1492 3566 1494 3571 .

457 3608 508 3675 Sit
530 3609 771 3690 semiparabola
795 3608 968 3695 AlilFip.
994 3608 1223 3695 tat)‚cu1us
1245 3611 1432 3677 sublimitas
1455 3610 1535 3684 ua,

370 3718 513 3784 altitudo
537 3736 617 3785 vero
638 3719 706 3794 AC,
727 3739 769 3783 ex
791 3720 911 3801 quibus
933 3720 1143 3801 componitur
1166 3720 1445 3803 perpendiculum
1466 3720 1532 3787 DC.

371 3827 476 3902 Dico,
508 3829 669 3911 impetum
692 3812 952 3912 semiparaltolae
975 3830 1009 3894 in
1031 3831 1057 3897 a
1079 3846 1150 3897 cate
1172 3831 1342 3913 aequalem
1368 3834 1533 3894 momento

374 3936 817 4004 naturaliterdesceudentis
839 3955 882 4003 ex
898 3938 927 4004 Ι)
944 3939 979 4002 in
995 3938 1032 4005 C.
1051 3940 1199 4005 Ponatur
1213 3939 1353 4020 ipsamet
1368 3935 1421 4003 llC
1439 3952 1534 4001 mon·

372 4053 452 4106 sura
473 4060 544 4113 aesc
568 4047 724 4128 temporis
745 4052 780 4111 et
801 4046 966 4127 inpetus:
1000 4052 1032 4111 ct
1059 4045 1243 4127 accipiatur
1266 4044 1373 4111 media
1398 4062 1535 4127 propor-

373 4150 508 4219 tionalia
530 4151 616 4217 inter
638 4152 713 4223 cn.
737 4154 808 4229 lla,
829 4154 883 4223 cui
907 4155 1057 4237 aequalis
1078 4160 1218 4237 ponatur
1240 4153 1302 4223 CF.
1327 4155 1375 4221 Sit
1398 4156 1532 4236 insuper

372 4263 462 4323 inter
482 4242 549 4337 uc',
568 4262 626 4329 CA
649 4263 756 4327 media
780 4263 844 4331 Cli.
868 4264 939 4329 Erit
957 4265 1028 4348 tam
1051 4263 1106 4333 cl
1128 4282 1283 4332 mensura
1304 4269 1478 4349 temporis,
1499 4270 1531 4327 et

372 4370 536 4435 momenti
555 4371 783 4439 descendentis
805 4390 863 4457 per
884 4375 943 4440 DA
959 4391 1000 4439 ex
1020 4375 1131 4457 quiete
1151 4376 1187 4441 in
1210 4376 1253 4449 ὓς
1271 4375 1325 4441 GE
1345 4391 1424 4439 run
1447 4379 1531 4439 tem·

369 4494 433 4562 pua
454 4479 520 4545 crit
540 4486 574 4547 et
597 4489 799 4549 momentu·
822 4484 1047 4551 descendentia
1073 4501 1129 4567 per
1152 4484 1206 4551 AC
1230 4503 1271 4548 ex
1296 4483 1406 4565 quiete
1429 4483 1463 4545 in
1481 4484 1533 4557 ω

369 4594 405 4653 et
427 4588 610 4673 diagonalis
634 4592 688 4657 EF
712 4593 774 4657 erit
798 4599 1000 4659 momentum
1037 4612 1077 4659 ex
1113 4594 1178 4659 illis
1207 4594 1449 4674 compositum,
1472 4590 1533 4657 hor

358 4697 418 4767 'cst
442 4702 703 4785 semiparanclac
728 4705 804 4769 inlt
839 4704 878 4767 Et
896 4706 975 4786 quia
1000 4705 1051 4771 oc
1078 4710 1165 4771 sectr
1188 4708 1236 4768 est
1260 4707 1427 4786 utcunque
1443 4702 1476 4767 in
1497 4705 1535 4777 Δ,
