3775 5759
569 494 978 627 GlriaNATA
1021 494 1293 641 PRIMA,

874 812 993 851 rn'ronxri

465 1036 476 1083 i
505 1021 732 1089 GOERENZA
758 1020 894 1086 DELLE
919 1020 1044 1085 rann
1069 1018 1271 1086 DE'CORPI
1295 1010 1438 1082 sotini.

446 1866 541 1929 δην.
564 1864 673 1945 Largo
690 1882 809 1945 oanrpo
831 1864 864 1928 di
890 1863 1053 1927 iiiosoiare
1069 1862 1133 1944 agi·
1147 1858 1298 1924 inieiieiii
1318 1855 1513 1938 speculativi

406 1974 466 2037 rori
494 1972 556 2037 ohe
588 1990 690 2055 porga
714 1973 746 2038 ia
770 1972 939 2055 frequente
969 1973 1097 2055 praiioa
1128 1970 1180 2034 dei
1213 1969 1339 2033 famoso
1368 1963 1517 2029 orsenaIe

370 2080 390 2123 Ξῖ
415 2080 470 2143 voi
497 2081 621 2163 signori
646 2082 840 2153 venetiani,
863 2081 904 2145 ed
928 2081 961 2145 in
986 2079 1184 2163 particolare
1217 2080 1251 2143 in
1287 2074 1396 2159 quella
1426 2079 1518 2154 parie

391 2210 417 2251 :o
433 2189 625 2255 iieooanioa
639 2191 666 2254 si
686 2190 867 2263 domanda:
882 2186 1050 2254 aiiesoohe
1068 2188 1160 2270 quivi
1177 2189 1254 2270 ogni
1273 2191 1364 2250 soria
1379 2183 1411 2247 di
1428 2188 1519 2246 airu·

383 2302 470 2361 ionio
491 2315 509 2359 a
532 2297 563 2362 di
589 2298 765 2363 marohina
789 2301 864 2363 vien
887 2299 1159 2363 eoniinuamenie
1183 2303 1276 2378 posia
1299 2298 1334 2361 in
1356 2310 1456 2376 opera
1477 2292 1518 2356 da

383 2422 496 2469 umero
519 2405 645 2487 grande
673 2407 706 2469 di
737 2405 877 2480 ariarici,
901 2407 986 2470 irai
1011 2407 1114 2487 quoii,
1136 2424 1154 2467 o
1178 2423 1235 2486 per
1250 2406 1280 2468 ie
1294 2402 1518 2469 osservariooi

371 2514 439 2573 nite
463 2512 517 2575 dai
542 2511 613 2576 ioro
635 2513 847 2587 antecessori,
871 2528 967 2593 aper
989 2512 1097 2593 queiie
1119 2512 1181 2575 cire
1199 2514 1231 2575 di
1252 2513 1382 2592 propria
1399 2528 1522 2574 avver-

363 2628 457 2681 ronza
478 2634 590 2683 vanno
612 2620 881 2685 continoamenio
903 2636 962 2703 per
984 2617 1019 2685 sa
1041 2620 1135 2687 siessi
1154 2618 1336 2694 iacendori
1355 2619 1442 2683 iorza
1459 2620 1521 2684 ohe

361 2744 402 2791 ve
424 2744 465 2791 ne
487 2728 581 2793 siano
604 2729 656 2795 dei
681 2728 871 2811 peritissimi
893 2748 913 2795 e
935 2728 970 2795 di
994 2728 1158 2795 finissimo
1180 2729 1337 2794 discorso.

449 2837 545 2903 Sana.
571 2838 609 2903 V.
625 2838 658 2905 S.
673 2856 739 2905 oon
762 2838 788 2905 ι’
799 2840 947 2925 ingrana
962 2846 1081 2924 punio:
1096 2839 1136 2904 ed
1155 2839 1199 2914 io,
1215 2856 1312 2903 oome
1328 2856 1385 2920 per
1400 2843 1519 2903 naiura

358 2947 501 3019 curioso,
526 2946 700 3029 frequento
724 2966 781 3031 per
801 2950 870 3015 mio
892 2950 1023 3033 diporto
1051 2950 1082 3015 ia
1110 2949 1211 3014 viriis
1233 2949 1266 3013 di
1286 2955 1402 3032 questo
1424 2947 1523 3029 luogo

358 3076 377 3119 o
400 3056 432 3119 ia
456 3056 587 3137 proiiea
609 3057 642 3121 di
665 3059 773 3139 quasti
795 3058 859 3124 oire
876 3060 946 3136 noi,
961 3076 1019 3143 per
1034 3064 1126 3125 oeria
1142 3060 1351 3142 preminenza
1368 3056 1431 3121 cire
1449 3062 1521 3118 ten-

359 3183 445 3247 gono
465 3183 563 3246 sopra
588 3166 609 3231 ii
634 3172 724 3233 resio
745 3166 832 3234 dolia
853 3174 1077 3244 maesiranra.
1099 3167 1334 3233 domandiamo
1357 3163 1440 3246 proli
1458 3182 1467 3238 ;
1488 3164 1519 3227 ia

360 3275 552 3341 eonferenza
575 3276 627 3340 dei
650 3278 740 3359 qnaii
766 3278 812 3342 nri
834 3277 879 3341 ira
902 3274 958 3359 {aa
985 3278 1071 3343 voire
1094 3279 1222 3342 aiuiaio
1250 3273 1520 3356 neii'invesiiga·

362 3382 455 3447 aione
479 3384 566 3449 delia
590 3386 726 3469 ragione
748 3386 781 3450 di
804 3386 905 3451 eiieiii
936 3404 1000 3451 non
1025 3388 1094 3451 soio
1118 3386 1368 3468 maravigiiosi‚
1391 3400 1444 3448 ma
1469 3402 1521 3445 re·

361 3489 486 3555 eondiii
509 3508 632 3557 ancora
655 3492 790 3575 aquosi
814 3494 1018 3576 inopinabili.
1041 3479 1069 3557 E
1093 3511 1173 3560 vero
1195 3494 1258 3559 ohe
1282 3494 1419 3559 iaivoiia
1438 3510 1523 3557 aneo

364 3599 409 3661 nri
433 3596 476 3665 iia
501 3617 608 3665 mosao
631 3600 665 3665 in
689 3601 917 3667 eoninsionee
939 3602 973 3667 in
997 3601 1223 3684 disperatione
1246 3602 1280 3666 di
1305 3612 1397 3686 poter
1425 3619 1523 3685 pene·

364 3714 453 3771 {rara
474 3726 569 3774 oorne
593 3726 687 3791 possa
717 3710 849 3793 seguire
874 3710 985 3793 queiio
1007 3710 1092 3787 ohe,
1115 3712 1249 3777 lontano
1271 3712 1314 3777 da
1341 3713 1418 3795 ogni
1454 3713 1522 3775 mio

363 3822 528 3891 concello,
551 3820 595 3883 mi
619 3819 780 3885 dimosira
803 3820 826 3884 ii
847 3838 946 3885 senso
968 3838 1058 3885 esser
1082 3840 1176 3897 vero;
1199 3840 1218 3885 e
1243 3839 1303 3903 pur
1329 3820 1440 3901 quello
1461 3819 1523 3884 che

366 3944 448 4007 orroo
472 3926 504 3991 ia
526 3928 556 3991 oi
579 3928 698 3995 dicero
720 3929 796 4010 quei
819 3930 908 3995 buon
931 3930 1071 3995 veoehio
1104 3928 1123 3996 e
1156 3949 1201 3997 un
1233 3933 1357 3997 deiiaio
1386 3932 1426 3996 ed
1455 3949 1521 3995 una

365 4037 592 4118 {aronisiaiona
614 4039 695 4103 bane
718 4042 804 4105 nssni
828 4041 980 4123 vulgale:
1006 4060 1057 4105 rna
1083 4039 1160 4124 poro
1184 4044 1216 4106 io
1240 4044 1270 4106 in
1296 4048 1456 4125 repuiara
1489 4043 1522 4106 in
