3775 5759
817 668 969 716 nrosuaru
993 668 1103 716 reus.
1478 654 1541 721 155

382 792 503 854 stinctu
539 790 684 854 naturali
708 793 857 853 utuntur.
880 789 965 853 num
990 790 1092 872 igitur
1116 791 1278 871 lapidem,
1300 810 1340 856 er
1364 794 1496 858 sublimi
1520 812 1540 857 a

380 900 491 980 quiete
511 898 773 972 descendentem,
797 914 883 961 nova
913 897 1066 981 deinceps
1091 899 1275 963 velocitatis
1298 903 1467 983 acquirere
1490 903 1542 965 in-

378 1014 546 1074 crementa
570 1009 820 1081 animadverto,
842 1025 902 1071 cur
925 1006 1006 1071 talia
1029 1008 1255 1072 additamenta
1277 1010 1542 1091 simplicissima.

379 1127 479 1204 atque
502 1121 656 1185 omnibus
679 1119 786 1201 magis
808 1119 908 1182 obvia
931 1119 1059 1181 ratione
1083 1116 1151 1180 lieri
1177 1134 1241 1182 non
1265 1119 1424 1183 credam?
1446 1119 1541 1198 Quod

377 1230 405 1292 si
429 1234 554 1293 attente
577 1229 801 1309 inspiciamus,
826 1225 954 1290 nullom
977 1226 1256 1302 additamentum,
1281 1227 1408 1293 nullum
1432 1228 1541 1292 incre-

376 1343 527 1401 mentum
551 1337 658 1419 magis
680 1337 821 1418 simplex
844 1336 1062 1408 inveniemus,
1084 1353 1184 1415 quam
1210 1335 1291 1400 illud
1309 1337 1397 1418 qood
1414 1354 1542 1418 semper

375 1445 493 1511 eodem
517 1446 614 1510 modo
636 1445 834 1525 superaddit.
870 1444 966 1523 Quod
990 1444 1087 1507 laoile
1110 1441 1331 1525 intelligemus
1357 1448 1537 1511 maximam

376 1556 555 1637 temporis,
589 1560 688 1636 atque
722 1560 831 1617 motus
857 1552 1053 1617 affluitatem
1078 1555 1308 1635 inspicientes:
1331 1557 1417 1621 sicut
1451 1560 1538 1621 enim

376 1670 488 1729 motus
510 1665 725 1746 aequabilitas
748 1673 780 1727 et
803 1663 1012 1728 uniformitas
1035 1681 1091 1743 per
1115 1670 1322 1745 temporum,
1341 1668 1561 1746 spatiorum-1

376 1789 443 1852 quc
465 1771 680 1853 aequalitates
703 1770 882 1845 delinitur,
905 1778 1004 1851 atque
1027 1773 1213 1852 concipitur
1237 1770 1415 1856 (lationem
1448 1774 1536 1836 cuim

375 1884 459 1941 tunc
491 1877 694 1959 aequabilem
729 1878 962 1959 appellamus,
995 1894 1072 1943 cnm
1108 1881 1309 1960 temporibus
1345 1881 1538 1962 aequalibus

377 1989 530 2070 aequalia
549 1987 772 2053 coniiciuntur
789 1983 930 2072 spatia),
948 1989 996 2051 ita
1012 2005 1069 2068 per
1084 1989 1214 2052 easdem
1231 1989 1448 2069 aequalitates
1465 2006 1540 2070 par-

378 2098 464 2161 tiun
486 2098 655 2180 temporis,
677 2098 879 2160 incrementa
903 2096 1082 2160 celeritatis
1106 2097 1299 2178 simpliciter·
1322 2099 1408 2162 iacta
1434 2100 1540 2180 perci-

375 2222 453 2287 pere
475 2222 671 2287 pessumam:
695 2210 803 2269 mente
824 2203 1044 2284 concipientes
1063 2210 1189 2268 motum
1207 2203 1300 2267 illum
1322 2204 1538 2278 uniformiter,

374 2314 558 2396 eodemque
581 2314 679 2379 modo
701 2313 858 2377 continue
880 2313 1101 2376 acceleratum
1125 2330 1208 2383 esse,
1234 2312 1312 2375 dum
1338 2313 1538 2393 temporibus

372 2422 627 2503 quibuscunque
650 2422 843 2504 aequalibus
867 2422 1020 2502 aequalia
1042 2423 1071 2484 ei
1096 2422 1359 2504 superaddantur
1381 2424 1537 2486 celerita-

373 2530 419 2595 tis
440 2528 674 2596 additamenta.
710 2530 800 2594 Adeo
823 2537 859 2593 ut
882 2531 1024 2610 sumptis
1045 2539 1256 2612 quotcunque
1281 2531 1436 2612 temporis
1461 2548 1535 2610 par-

375 2638 488 2704 ticulis
508 2640 704 2721 aequalibus
726 2656 746 2702 a
770 2640 877 2719 primo
899 2638 1057 2709 instanti,
1081 2637 1114 2700 in
1138 2654 1205 2719 quo
1229 2638 1348 2702 mobile
1372 2637 1535 2701 recedita

373 2749 500 2831 quiete,
521 2754 555 2812 et
578 2750 772 2813 descensum
795 2746 1005 2830 aggreditur,
1028 2747 1206 2811 celeritatis
1230 2747 1352 2829 gradus
1375 2746 1408 2808 in
1433 2747 1536 2827 prirna

372 2874 452 2925 cum
468 2858 614 2923 mennda
631 2855 788 2937 temporis
810 2855 975 2936 particula
998 2854 1181 2936 acquisitus
1201 2855 1321 2934 duplus
1341 2855 1382 2918 sit
1403 2852 1537 2936 gradus,

370 2984 470 3049 quen
485 2966 665 3048 acquisivit
684 2966 804 3029 mobile
820 2965 853 3028 in
872 2964 978 3046 prima
995 2965 1173 3046 particula:
1190 2963 1312 3047 gradus
1330 2982 1419 3037 vero,
1436 2982 1533 3044 quem

370 3076 499 3142 obtinet
515 3076 550 3139 in
567 3075 674 3141 tribue
697 3075 879 3157 particulis,
904 3075 1033 3154 triplus,
1051 3092 1149 3154 quem
1167 3074 1200 3137 in
1216 3079 1370 3154 quatuor,
1388 3074 1536 3152 quadru-

374 3182 452 3264 plus
472 3180 616 3265 eluadem
633 3178 770 3265 'gradus
794 3181 891 3264 primi
916 3181 1084 3262 temporis.
1107 3181 1156 3245 lta
1178 3184 1216 3244 ut
1241 3177 1412 3263 (clarioris
1435 3181 1533 3243 intel·

371 3290 528 3374 ligantias
548 3289 671 3376 cansa)
706 3294 733 3355 si
765 3292 886 3356 mobile
908 3291 1065 3356 lationem
1088 3307 1183 3355 suam
1206 3291 1415 3355 continuaret
1434 3290 1531 3372 juxta

370 3398 514 3483 madum
534 3414 595 3465 seu
615 3407 820 3465 momentum
844 3401 1032 3464 velocitatis
1055 3402 1089 3464 in
1113 3400 1218 3480 prima
1243 3399 1399 3480 temporis
1430 3396 1533 3480 parti·

367 3504 449 3571 cula
470 3507 676 3587 acquisitae,
704 3516 1018 3589 motumque·sunm
1042 3509 1194 3589 deinceps
1216 3508 1433 3590 aequabiliter
1454 3524 1531 3569 cnm

366 3614 428 3681 tell
451 3614 558 3701 gradu
581 3617 784 3690 extenderet,
805 3617 885 3681 latio
908 3616 991 3681 baec
1006 3618 1107 3698 duplo
1124 3622 1210 3683 esset
1225 3616 1353 3680 tardior
1368 3633 1418 3690 ea,
1432 3632 1531 3695 quam

361 3722 463 3805 Juxta
488 3722 630 3807 gradum
655 3722 840 3788 velocitatis
857 3724 893 3788 in
911 3724 1041 3788 duabus
1058 3727 1213 3807 temporis
1230 3724 1402 3806 particulis
1416 3723 1532 3803 acqui-

369 3830 453 3895 sitae
472 3831 659 3905 obtineret3
691 3837 724 3895 et
751 3831 798 3895 sic
827 3848 847 3894 a
871 3837 962 3895 recta
986 3831 1113 3895 ratione
1136 3833 1297 3896 absonum
1321 3845 1530 3910 nequaquam

368 3954 443 4003 esse
462 3938 605 4045 vidntur,
626 3940 655 4033 si
679 3941 882 4021 accipiamus
905 3940 1123 4004 intensionem
1143 3939 1328 4004 velocitatis
1345 3939 1415 4002 lieri
1431 3941 1530 4023 juxta

372 4049 797 4128 imperitans-tensionem
820 4066 862 4113 er
884 4066 951 4130 quo
974 4049 1122 4119 delinitio
1144 4055 1266 4123 motus,
1281 4048 1322 4112 de
1336 4066 1404 4130 qno
1422 4056 1530 4114 acturi

367 4166 502 4233 snmus,
523 4156 599 4223 talis
620 4159 727 4240 accipi
752 4165 876 4240 potest:
899 4160 1027 4223 Motum
1052 4158 1284 4240 aequabiliter,
1311 4176 1369 4223 sau
1403 4162 1529 4225 unitos·-

365 4262 470 4329 miter
487 4269 714 4333 acceleratum-
730 4268 807 4332 dico
829 4267 934 4343 illum,
956 4270 1013 4349 qui
1037 4287 1057 4332 a
1081 4268 1190 4350 quicte
1212 4269 1378 4344 recedens,
1403 4275 1529 4349 tempo·

363 4373 465 4438 ribus
484 4377 676 4458 aequalibus
700 4379 851 4460 aequalia
867 4378 1046 4443 celeritatis
1061 4358 1311 4449 momentasibi
1328 4377 1528 4460 superaddit.

326 4600 328 4608 ¹
394 4634 397 4639 .
454 4576 550 4643 saca.
574 4581 630 4652 lo,
652 4577 678 4643 si
703 4597 796 4643 come
820 4579 894 4645 inor
914 4580 945 4645 di
971 4581 1104 4661 ragione
1128 4560 1172 4643 rui
1197 4579 1347 4658 opporrci
1371 4597 1391 4639 a
1414 4550 1544 4657 questa

358 4708 384 4751 o
404 4686 449 4752 ad
472 4688 560 4753 altra
581 4689 796 4765 deuntziono,
824 4692 884 4755 elic
913 4692 953 4754 da
978 4689 1198 4772 quatsirogtia
1222 4693 1336 4750 antoro
1362 4687 1448 4753 insse
1471 4707 1523 4751 as-
