3775 5759
793 688 947 737 crosssrs
972 689 1081 738 resse.
1458 668 1523 737 1⁸13

358 812 422 878 cbe
437 812 470 877 la
488 812 576 893 pelis
599 810 761 877 semisve
781 811 834 875 uel
852 810 971 875 oensis
993 828 1013 874 c
1035 809 1120 875 uelle
1146 826 1205 875 sue
1228 810 1336 891 psrtic
1360 810 1391 875 le
1416 809 1522 891 purti-

358 920 441 986 osile
476 920 529 1002 poi
565 918 762 1000 ‹loll-mque
783 918 820 983 iu
842 919 888 982 tui
914 920 1010 1002 gulsa
1036 918 1184 983 raccolte
1216 920 1244 982 sl
1280 918 1457 984 arduenne
1490 918 1523 982 rii

359 1030 452 1095 voltu
476 1030 512 1093 iu
535 1029 625 1093 rolts
644 1046 712 1093 oon
734 1029 936 1093 essttlsslmu
960 1027 1104 1093 bllsuciu
1129 1027 1291 1109 mencio,
1325 1026 1467 1092 dsudou
1496 1028 1526 1091 le

358 1138 535 1204 uiuereme
556 1156 575 1202 e
598 1137 808 1220 proporziuni
832 1136 885 1202 dei
913 1137 983 1219 pest
1020 1138 1089 1201 loro
1124 1136 1154 1200 lo
1188 1134 1363 1201 dliierenze
1398 1153 1417 1200 o
1450 1154 1528 1220 pro·

361 1247 508 1331 porcionl
533 1247 587 1311 (lei
609 1246 733 1327 tcmpi3
757 1262 776 1308 e
798 1252 915 1327 questo
938 1261 1001 1309 con
1031 1244 1077 1308 tul
1112 1245 1302 1328 giustezze,
1325 1243 1410 1320 obe,
1433 1263 1527 1310 come

359 1357 405 1423 bo
425 1356 530 1431 delto,
548 1356 606 1421 iuli
624 1354 813 1437 operuzioui
838 1354 939 1418 molis
961 1370 981 1417 c
1005 1351 1105 1417 mollo
1127 1352 1215 1417 volte
1237 1351 1395 1433 replicate
1418 1352 1526 1435 gism-

361 1467 428 1533 ruui
449 1478 516 1531 nou
539 1464 739 1532 ttuotveoc
761 1463 796 1530 di
820 1480 865 1528 uu
890 1462 1017 1529 notubil
1042 1467 1221 1528 momento.
1308 1494 1310 1499 ·

450 1575 540 1643 Stur-
560 1574 651 1645 Grsu
685 1573 927 1640 sodellsiusioue
960 1575 1053 1638 cerei
1090 1574 1241 1637 ricevutc
1276 1572 1329 1635 uel
1365 1574 1526 1639 uorsrmi

361 1690 516 1767 moute
535 1702 558 1751 ι
580 1685 640 1751 tuli
662 1686 861 1767 especiem,
883 1700 938 1751 uss
963 1685 1065 1749 sencio
1083 1690 1176 1748 certo
1198 1684 1285 1748 doliu
1312 1689 1425 1751 vostre
1452 1685 1530 1751 ‹ilii-

363 1808 469 1877 εφη
488 1793 543 1859 uel
556 1791 693 1870 ·lurlc,s
710 1788 832 1857 lebcltil
851 1792 904 1857 uel
923 1792 1075 1867 riicrlrie,
1093 1792 1140 1857 ml
1155 1793 1278 1872 quieto,
1293 1808 1314 1857 e
1328 1793 1359 1857 le
1372 1799 1530 1858 ummuto

364 1918 427 1983 per
447 1902 694 1967 uouciuimee
712 1918 804 1967 vero.
1297 1920 1299 1927 ·

457 2008 552 2077 sicr.
572 2010 727 2075 Putrem
748 2010 882 2090 duoque
905 2007 1058 2092 ripigllsr
1078 2007 1111 2072 le
1136 2014 1247 2074 nostru
1272 2008 1415 2088 lellus-s,
1437 2026 1457 2074 e
1477 2026 1530 2075 sc-

364 2118 500 2202 guture
520 2119 646 2185 secuti.

805 2264 1030 2359 Ι(ὶοιιιιιιιιιιιιιι
1053 2291 1100 2377 ll.¹
1207 2355 1209 2361 .

457 2452 636 2537 colligitur
657 2451 814 2530 secundo,
836 2454 924 2535 quoti
942 2454 970 2519 si
986 2470 1006 2520 s
1022 2455 1184 2537 principio
1207 2455 1340 2522 lationis
1355 2464 1531 2523 sumuntur

364 2561 436 2628 duo
452 2561 562 2643 specis
575 2560 753 2643 quaelibet,
770 2559 975 2642 quibuslibet
994 2564 1198 2646 temporibus
1217 2571 1362 2647 persots,
1382 2571 1529 2650 tempora

368 2670 518 2755 ipsorum
539 2688 561 2735 c
581 2671 707 2753 poete.
731 2671 780 2734 cel
800 2671 955 2752 impetite,
976 2688 1033 2736 seu
1054 2672 1227 2738 velocitates
1250 2674 1284 2736 is
1306 2676 1367 2758 poe
1390 2676 1531 2757 ipsorum

367 2782 556 2864 mpetum,
570 2785 671 2847 eruut
688 2781 774 2846 iuter
796 2797 843 2858 sc,
866 2788 903 2847 ut
921 2782 1064 2849 alterum
1087 2800 1203 2849 eorum
1228 2784 1269 2850 sd
1293 2785 1439 2866 spatium
1463 2802 1534 2851 me·

369 2890 467 2957 uon
490 2892 737 2975 proportionale
758 2892 845 2957 iuter
865 2894 947 2975 ipss.
972 2894 1119 2976 Sumptis
1142 2895 1231 2959 euim
1254 2913 1274 2959 s
1298 2894 1462 2978 principio
1486 2894 1537 2960 ls-

371 2998 522 3089 tlouisflg
545 2998 634 3088 (Fip.
657 2999 718 3088 lu)
741 3001 872 3068 (luobus
901 3003 1018 3085 sputlls
1042 3003 1101 3076 ΒΤ,
1126 3003 1201 3080 SV,
1224 3020 1368 3087 quorum
1394 3004 1543 3070 medium

370 3110 419 3177 sit
438 3112 685 3195 proportionale
708 3110 783 3186 sxe
807 3118 938 3193 tempus
960 3126 1060 3175 ossus
1076 3126 1133 3192 por
1151 3110 1200 3177 ST
1219 3111 1261 3176 ud
1286 3118 1416 3194 tempus
1438 3128 1536 3178 ossus

374 3234 437 3303 per
457 3218 514 3287 ΒΤ·
531 3220 608 3298 erit,
628 3225 666 3286 ut
688 3220 739 3287 ΒΤ
761 3219 803 3285 ed
823 3220 898 3285 sx:
922 3236 981 3284 scu
1004 3217 1167 3297 dicemus,
1189 3228 1320 3305 tempus
1344 3237 1401 3304 per
1424 3219 1475 3286 SV
1496 3219 1540 3285 cd

372 3336 577 3413 tempuspcr
593 3330 643 3397 ST
661 3348 744 3407 esse,
768 3336 804 3395 ut
828 3329 881 3395 ΤΒ
903 3329 946 3393 ud
970 3329 1034 3394 ΒΧ.
1059 3328 1143 3397 Cum
1162 3330 1255 3395 'enirn
1280 3314 1542 3395 demonstratum

371 3438 440 3516 sit,
464 3440 572 3522 sputis
593 3446 727 3523 peracte
749 3458 821 3506 esee
844 3438 879 3504 lo
901 3437 1072 3522 dupilouts
1094 3440 1223 3506 rstloue
1246 3445 1456 3522 temporum.
1479 3442 1542 3505 seu'

372 3548 481 3639 (quod
500 3548 589 3615 icisse
611 3549 677 3638 est)
699 3566 772 3616 esse
795 3555 833 3617 ut
860 3555 1047 3632 temporum
1082 3550 1268 3633 quselrsts:
1303 3551 1391 3615 rstio
1425 3553 1539 3613 sutem

369 3658 474 3741 'spreti
502 3658 558 3725 ΤΒ
578 3659 786 3742 sel-specium
810 3658 859 3725 ΒΤ
882 3658 926 3724 cll
950 3658 1052 3741 duple
1074 3658 1214 3724 rstlouis
1237 3660 1290 3727 ΤΒ
1312 3658 1355 3724 sd
1379 3656 1432 3725 ΒΧ
1446 3666 1464 3735 ,·
1479 3674 1538 3723 seu

372 3768 416 3833 sit
435 3768 579 3844 uelem,
600 3784 701 3851 quem
725 3752 849 3833 bamus
871 3765 1036 3850 quadratu
1060 3767 1123 3843 VS,
1148 3762 1222 3843 ΒΧ’;
1248 3772 1352 3850 putet,
1376 3765 1538 3839 ustionem

376 3880 565 3959 temporum
588 3875 751 3941 latiorum
776 3892 834 3959 per
856 3875 919 3951 SV,
941 3874 992 3941 ΒΤ
1014 3890 1101 3949 csse,
1124 3878 1162 3939 ut
1185 3875 1393 3956 spatiorum,
1416 3886 1474 3938 seu
1500 3872 1543 3937 il-

377 3998 517 4051 ussrun
539 3984 609 4059 ΤΒ,
631 3984 695 4051 ΒΧ.
721 3986 769 4049 Ac
791 3986 866 4049 item
887 3983 1065 4049 velocitates
1088 3985 1123 4047 s's
1152 3978 1186 4054 Τ,
1219 3982 1251 4058 Τ,
1273 3988 1345 4063 pest
1367 3996 1460 4046 emus
1481 3996 1540 4061 pes

379 4090 448 4166 ST,
466 4090 536 4167 ΒΤ,
556 4110 624 4159 esse
645 4104 682 4159 ut
703 4094 808 4177 speeie
831 4090 899 4169 ST,
922 4089 995 4164 SX,
1019 4092 1068 4156 cel
1089 4096 1126 4156 ul
1151 4088 1234 4164 ΒΧ,
1259 4087 1324 4166 SV,
1347 4106 1420 4154 ceses
1435 4086 1538 4169 jueta

377 4200 590 4285 sepum
611 4202 915 4274 metuerimus,
938 4200 1116 4267 velocitates
1150 4200 1186 4264 c'c
1220 4196 1342 4263 rcticsc
1370 4203 1542 4278 temporum

377 4316 572 4392 macer.-

881 4499 1045 4561 scuossuu.

403 4650 406 4655 '
465 4646 507 4743 ld
528 4656 663 4725 sutem,
684 4648 773 4731 quod
800 4647 1040 4713 demostratum
1066 4651 1116 4711 est
1139 4645 1173 4710 iu
1198 4601 1390 4709 lotionibus¹
1403 4640 1547 4723 peractis

375 4758 412 4823 iu
437 4757 701 4841 perpendiculis,
726 4756 934 4839 intelligatur
951 4756 1051 4819 etium
1079 4754 1192 4818 itidem
1208 4750 1400 4833 contingere
1418 4748 1453 4814 ln
1473 4747 1545 4830 pia·
