3775 5759
788 679 941 738 oronim
966 692 1078 738 unum.
1448 679 1511 744 199

348 810 510 890 aequalia,
523 815 555 873 et
568 828 668 891 quam
681 813 842 876 rationem
856 813 955 877 habet
973 815 1140 878 residuum
1152 816 1202 880 itt
1219 817 1261 880 ad
1277 818 1351 888 MN,
1368 812 1514 882 eandem
1611 807 1615 814 ’

346 917 465 981 habeat
489 917 543 982 AG
570 919 656 981 tinea
680 920 722 982 ad
746 920 858 993 atium,
884 923 940 984 cui
965 922 1113 1002 aequatis
1137 923 1321 1004 applicetur
1344 925 1397 990 GE
1422 943 1462 989 en
1487 928 1511 993 G

346 1025 388 1088 ad
413 1025 616 1091 horizontem
640 1028 708 1100 ΑΕ,
730 1046 815 1108 quae
838 1031 1036 1093 extendatur
1059 1048 1174 1094 versus
1197 1031 1236 1107 Ο,
1252 1037 1284 1095 et
1308 1036 1513 1116 accipiantur

346 1138 410 1212 GE,
432 1138 497 1211 to,
519 1138 577 1204 GO
600 1141 754 1219 aequales
779 1140 857 1220 ipsis
880 1140 950 1214 RN,
973 1140 1050 1214 ΝΜ,
1073 1141 1133 1204 ΜΙ.
1154 1141 1244 1216 Bion,
1269 1147 1398 1224 tempus
1414 1162 1512 1225 super

345 1245 469 1310 inflexa
492 1247 557 1317 CO,
578 1254 648 1327 post
662 1265 777 1311 casurn
796 1250 863 1320 AG,
878 1265 949 1312 esse
964 1244 1102 1330 aequate
1121 1252 1259 1332 tempori
1276 1249 1331 1317 AG
1343 1269 1385 1313 ex
1400 1253 1511 1332 quiete

346 1354 382 1415 in
404 1357 443 1417 Α.
468 1352 552 1418 Gum
576 1356 663 1418 enim
688 1356 741 1430 sit,
766 1362 803 1418 ut
826 1354 882 1422 OG
906 1357 956 1447 ad
970 1356 1034 1428 GE,
1059 1358 1106 1422 ita
1126 1358 1176 1423 EG
1196 1359 1238 1422 ad
1255 1359 1325 1431 GE;
1342 1361 1404 1423 erit
1419 1377 1514 1424 com··

346 1463 510 1542 ponendo,
532 1468 569 1524 ut
593 1461 647 1524 OF
671 1464 713 1526 ad
737 1463 802 1536 EG,
825 1481 881 1526 seu
907 1464 970 1539 FG,
993 1466 1041 1528 ita
1060 1466 1113 1530 FE
1136 1468 1177 1531 ad
1201 1467 1270 1540 EG,
1293 1472 1326 1530 et
1348 1474 1386 1530 ut
1410 1484 1513 1532 unum

345 1572 611 1634 antecedentium
636 1572 676 1634 ad
703 1589 805 1635 unum
820 1575 1104 1652 consequentium,
1128 1575 1174 1637 ita
1192 1575 1303 1638 omnia
1322 1576 1362 1639 ad
1384 1578 1513 1640 omnin:

346 1696 466 1762 nempe
489 1684 559 1743 tota
584 1679 640 1744 OE
665 1681 706 1743 ad
731 1681 800 1753 EF,
824 1687 861 1743 ut
885 1682 936 1745 EE
961 1683 1002 1744 ad
1026 1683 1091 1747 EG.
1116 1685 1198 1748 Sunt
1219 1686 1331 1766 itaque
1352 1685 1423 1759 OE,
1447 1687 1512 1762 EF,

348 1786 405 1853 EG
437 1788 592 1851 continue
615 1790 893 1868 proportionales3
916 1791 1004 1870 quod
1027 1809 1105 1853 cum
1131 1792 1272 1871 positum
1296 1795 1361 1869 sit,
1383 1801 1513 1877 tempus

349 1912 410 1977 per
432 1896 487 1962 AG
509 1913 579 1959 esse
603 1902 639 1958 ut
663 1895 740 1970 AG,
764 1898 827 1958 erit
850 1896 903 1961 GE
929 1904 1057 1980 tempus
1081 1916 1138 1980 per
1159 1901 1227 1972 EG,
1250 1907 1283 1965 et
1307 1903 1361 1966 EF
1384 1908 1513 1985 tempus

350 2024 410 2088 per
434 2013 535 2070 totam
559 2006 629 2079 EO,
654 2013 686 2069 et
710 2007 872 2088 reliquum
897 2009 949 2073 ct·
974 2027 1030 2088 per
1053 2009 1212 2091 reliquam
1236 2008 1305 2082 GO;
1330 2017 1378 2075 eet
1401 2017 1513 2076 autem

349 2115 411 2182 GE·
426 2116 571 2195 renuatis
594 2117 656 2196 ipsi
680 2116 749 2185 Ga:
767 2133 845 2197 ergo
861 2116 986 2180 tactum
1003 2123 1052 2179 est
1068 2116 1154 2198 quod
1170 2116 1241 2180 tieri
1256 2120 1445 2199 oportebat3
1464 2109 1518 2183 est*

348 2225 438 2288 enim
476 2231 602 2306 tempus
625 2225 680 2290 Gt
704 2225 832 2306 teinpus
853 2242 953 2289 casus
977 2244 1033 2306 per
1056 2226 1110 2292 AG
1134 2243 1175 2288 ex
1198 2226 1308 2307 quiete
1329 2227 1363 2289 in
1387 2230 1438 2301 Α,
1461 2228 1513 2295 Gt'

351 2350 431 2398 vero
455 2331 565 2418 (quod
582 2342 743 2416 aequatur
758 2332 834 2417 Ga)
858 2331 908 2397 est
928 2342 1056 2415 tempus
1073 2354 1129 2415 per
1151 2334 1206 2401 Gt)
1230 2342 1301 2416 post
1320 2335 1514 2401 descenwm

350 2462 408 2526 per
429 2444 499 2515 EG,
521 2461 580 2507 seu
606 2449 677 2524 post
700 2460 816 2507 casum
839 2461 894 2524 pec
918 2444 989 2515 AG3
1016 2445 1104 2524 quod
1131 2451 1181 2507 est
1209 2444 1422 2525 propositum.
1445 2443 1514 2508 No·

348 2553 488 2618 tandum
512 2559 623 2616 autem
646 2561 706 2624 est.
729 2554 816 2633 quod
832 2553 918 2617 idern
938 2554 1078 2628 accidet,
1094 2554 1122 2617 si
1139 2553 1337 2634 praecedens
1353 2553 1433 2616 latio
1448 2570 1513 2616 non

348 2663 387 2725 in
410 2662 642 2742 perpendiculo
669 2662 749 2733 fiat,
772 2661 829 2725 sed
853 2663 1009 2744 inplano
1037 2661 1216 2733 inclinato,
1241 2669 1278 2727 nt
1305 2663 1338 2725 in
1365 2662 1511 2743 sequenti

348 2767 469 2851 figura,
488 2771 522 2836 in
546 2788 611 2850 qua
636 2770 714 2833 letio
739 2772 934 2850 praecedens
959 2770 1045 2833 tacta
1069 2771 1111 2832 sit
1137 2788 1192 2850 per
1216 2772 1350 2851 ptanum
1374 2771 1515 2833 inctina·

351 2883 423 2942 tum
450 2876 501 2942 AS
536 2876 621 2940 intra
651 2877 852 2942 horizontem
881 2880 955 2950 AE3
977 2885 1011 2940 et
1039 2878 1278 2944 demonstratio
1304 2885 1354 2942 est
1382 2895 1515 2959 prorsus

348 2984 476 3051 eadem.

850 3176 1013 3228 eeuomuu.
1028 3142 1030 3148 ¹
1045 3232 1047 3236 .

400 3362 407 3373 .
445 3312 478 3376 Si
497 3313 669 3396 diiigenter
685 3317 885 3387 attendatur,
901 3315 1112 3379 manifestum
1130 3315 1202 3387 erit,
1218 3314 1386 3395 quodque
1406 3313 1515 3384 minus

350 3423 434 3487 data
451 3423 537 3487 tinea
552 3425 592 3488 tn
611 3425 723 3489 deficit
739 3442 758 3487 a
775 3425 873 3506 tripta
890 3425 993 3505 ipsius
1005 3424 1059 3489 AG
1078 3421 1162 3506 (Ftp.
1174 3418 1242 3507 80),
1260 3439 1299 3485 eo
1316 3421 1450 3502 pianum
1463 3421 1516 3484 in·

352 3529 490 3605 flexum,
505 3549 601 3612 super
615 3533 702 3614 qnod
719 3533 866 3596 iacienda
882 3538 932 3596 est
949 3533 1092 3595 secunda
1106 3530 1198 3604 latim·
1212 3537 1289 3613 puta
1306 3527 1371 3604 Gt),
1389 3529 1518 3593 accedit

350 3640 494 3706 vicinius
508 3642 559 3705 -ad
583 3643 861 3723 perpendiculum,
879 3644 912 3706 in
935 3661 1000 3723 qno
1024 3641 1156 3704 tandem
1173 3641 1206 3704 in
1225 3646 1371 3721 tempore
1386 3638 1513 3720 aequati

352 3749 407 3815 AG
429 3749 606 3815 conficitur
624 3753 767 3831 spatium
790 3751 832 3814 ad
856 3752 909 3815 AG
935 3752 1079 3832 triplum.
1098 3751 1181 3816 Gum
1197 3749 1286 3813 enim
1307 3750 1348 3812 tu
1366 3749 1516 3829 proxima

352 3859 451 3923 tuerit
469 3859 512 3922 ad
530 3843 756 3940 triplicitatem
773 3862 837 3930 AG,
853 3862 917 3923 erit
935 3862 985 3925 lM
1002 3860 1148 3941 aequatis
1166 3859 1232 3922 tere
1247 3859 1309 3940 ipsi
1326 3857 1400 3922 MN.
1417 3858 1518 3921 Gum-

351 3987 428 4052 que,
450 3976 486 4039 ut
508 3970 557 4034 ΙΜ
580 3971 623 4034 ad
646 3971 711 4034 MN
735 3972 767 4034 in
791 3973 1046 4042 constructione,
1070 3971 1117 4033 ita
1141 3968 1278 4033 fiat-ae
1295 3967 1337 4030 ad
1356 3967 1421 4039 GE,
1436 3983 1517 4029 con-

351 4085 444 4153 stat,
469 4080 573 4163 ipsam
598 4082 651 4147 GE
676 4082 774 4162 peuto
800 4083 961 4163 majorem
991 4079 1125 4160 reperiri
1150 4094 1248 4160 quam
1276 4076 1353 4151 Ga,
1376 4085 1408 4139 et
1430 4074 1518 4156 quod

350 4204 554 4275 consequens
575 4195 638 4259 est.
669 4195 826 4269 punctum
851 4190 877 4252 E
902 4189 1089 4271 proximum
1115 4186 1249 4268 reperiri
1274 4189 1396 4266 puncto
1420 4187 1462 4253 Α,
1485 4191 1518 4245 et

352 4297 411 4365 GO
433 4314 510 4360 cum
531 4297 586 4362 GS.
603 4299 830 4362 acutissimum
851 4293 1009 4381 angulum
1043 4297 1232 4371 continere,
1254 4301 1286 4357 et
1310 4294 1375 4356 tere
1403 4301 1517 4355 mutuo

350 4405 548 4471 coincidere.
571 4405 598 4469 E
622 4412 737 4470 contra
762 4425 862 4477 vero,
885 4407 911 4468 si
936 4408 1015 4469 data
1039 4405 1081 4468 tu
1112 4403 1287 4466 minimum
1311 4398 1388 4480 quid
1412 4397 1518 4478 major

352 4515 455 4580 tuerit
477 4530 575 4595 quam
597 4515 696 4597 dupta
718 4515 862 4597 ejusdem
886 4516 954 4588 AG,
977 4515 1039 4577 erit
1062 4513 1111 4577 ΙΜ
1134 4511 1329 4576 brevissima
1353 4508 1453 4569 tinea:
1477 4522 1518 4567 ex

351 4642 420 4706 quo
443 4622 582 4698 accidet,
599 4627 778 4689 ‚minimam
801 4643 927 4707 quoque
952 4623 1096 4687 suturam
1120 4640 1191 4686 csse
1208 4619 1261 4683 AG
1282 4616 1431 4699 respectu
1453 4616 1518 4688 GE,

355 4750 439 4814 quae
463 4732 656 4814 longissima
678 4734 748 4805 erit,
774 4741 807 4796 et
829 4751 926 4813 qnam
953 4732 1100 4813 proxime
1123 4729 1254 4793 accedet
1274 4725 1314 4789 ad
1329 4722 1519 4805 perattetam
