3775 5759
358 613 421 676 aba
669 625 811 672 utineam
838 624 938 671 osius
958 623 1060 670 uszovs:
1081 623 1206 668 siunuzs

359 751 399 814 ad
423 749 477 822 ΙΙΙ,
501 750 545 810 ila
568 747 624 811 siat
649 747 690 811 iii
715 748 755 808 ad
781 745 857 809 iiL:
880 745 942 808 erit
966 741 1152 824 triangulus
1173 741 1244 806 ΙΙΙΙ
1268 738 1387 803 similis
1411 739 1517 801 trian-

361 859 438 941 gulo
460 857 553 932 iiii),
576 857 629 921 eui
653 855 753 919 eliam
778 853 895 918 similis
916 858 967 916 esi
988 852 1081 919 EGF.
1116 851 1265 930 Cumque
1287 849 1354 923 ΙΙΙ,
1377 847 1432 912 GF
1455 847 1519 910 sint

359 967 510 1047 aequales
528 963 693 1050 (dimidiae
711 981 824 1045 nempe
840 963 943 1044 ipsius
959 959 1036 1048 BC),
1054 963 1117 1026 erit
1133 961 1197 1033 lu,
1212 960 1296 1025 idest
1312 959 1376 1034 ΙΙΙ,
1394 973 1519 1040 aequa·

362 1076 400 1140 iis
423 1076 500 1142 tit:
523 1081 555 1138 el
579 1074 690 1139 addila
713 1074 879 1138 communi
904 1072 972 1147 Fil,
992 1073 1056 1135 erit
1078 1071 1135 1142 cil
1156 1071 1219 1152 ipsi
1240 1069 1291 1134 ΙΙ
1310 1067 1472 1150 aequalis.
1485 1065 1518 1130 st

361 1186 470 1263 itaque
482 1181 706 1264 intelligamus
722 1168 779 1262 peu
798 1179 827 1244 ΙΙ
845 1185 878 1243 el
894 1182 920 1245 ii
935 1178 1209 1260 semiparabnlam
1227 1195 1297 1242 esse
1314 1175 1523 1257 desumptam,

358 1292 453 1375 eujus
469 1287 608 1354 altitudo
623 1290 684 1352 osii
700 1287 767 1362 tic,
786 1288 972 1352 sublimiias
988 1303 1069 1350 vero
1087 1287 1154 1360 ΙΙΙ,
1170 1286 1234 1350 erit
1251 1283 1437 1366 amplitudo
1451 1279 1522 1362 ejus

359 1403 433 1474 llll:
455 1417 539 1482 quae
562 1399 661 1479 dupla
685 1405 734 1463 est
757 1397 799 1460 ad
823 1397 877 1468 ΙΙΙ,
902 1395 1010 1460 modia
1033 1395 1158 1460 soilioet
1183 1395 1269 1458 inter
1293 1392 1363 1463 bii.
1379 1407 1437 1456 een
1457 1389 1522 1463 cii,

359 1519 390 1572 et
416 1508 491 1581 ΙΙΙ;
515 1523 653 1586 eamque
677 1510 788 1588 tanget
813 1504 878 1579 ilii,
901 1503 1095 1585 aequalibus
1115 1500 1333 1566 existentibus
1355 1497 1431 1574 cit,
1455 1497 1521 1562 itit.

359 1618 453 1697 Quod
479 1618 506 1680 si
529 1633 643 1682 rursus
668 1615 856 1696 parabolam
882 1630 939 1695 por
962 1613 1014 1677 FB
1035 1611 1233 1693 descriptam
1256 1608 1522 1690 oonclpiomusa

359 1724 561 1788 sublimitate
584 1724 634 1787 ΙΙ
657 1739 735 1788 oum
760 1721 935 1787 altitudine
960 1720 1034 1794 FC:
1051 1735 1193 1802 quarum
1212 1719 1320 1783 media
1337 1717 1522 1800 proportio·

360 1832 444 1896 uatis
477 1837 526 1895 est
560 1828 635 1903 ΙΙΙ,
665 1829 762 1912 eujus
784 1828 884 1910 dupla
907 1833 956 1892 esi
979 1827 1192 1892 bonizonialis
1215 1827 1288 1893 cuz
1312 1827 1375 1892 orii
1401 1827 1521 1908 pariter

359 1939 409 2004 CB
433 1939 504 2020 ejus
522 1936 726 2019 amplitudo:
763 1936 918 2017 illamque
941 1941 1054 2020 tanget
1077 1935 1154 2011 Eli,
1182 1955 1260 2002 eum
1285 1936 1360 2010 EF,
1385 1937 1436 2003 FC
1460 1938 1521 2001 sint

361 2045 524 2129 aequales.
548 2047 676 2112 llistant
700 2046 813 2128 anguli
837 2044 927 2118 nuc.
953 2046 1032 2114 utic
1056 2043 1270 2130 (elevationes
1294 2045 1524 2128 soilieeiipsa·

361 2153 453 2246 rum)
476 2157 658 2238 aequaliter
680 2173 698 2218 a
723 2155 918 2228 semireoios
940 2164 968 2217 ei
991 2156 1125 2237 impetus
1148 2156 1182 2217 ire
1203 2164 1321 2236 puueto
1341 2153 1376 2217 B
1398 2155 1521 2218 utrius·

361 2283 419 2347 pue
439 2263 606 2346 parobolae
630 2266 711 2326 iuter
737 2279 769 2324 se
796 2271 871 2326 suot
900 2263 1046 2345 aequales
1080 2281 1152 2326 aum
1185 2270 1459 2344 repraesententur
1480 2261 1519 2326 ub

361 2370 545 2454 aequalibus
568 2369 657 2434 timis
684 2367 746 2438 ΙΙ,
770 2365 849 2442 EG,
863 2377 906 2438 ‚ui
929 2387 1004 2434 moa
1025 2369 1209 2441 ostendam,-
1228 2387 1309 2453 ergo
1331 2375 1422 2452 patet
1447 2387 1521 2452 pro·

363 2480 518 2561 stasilum.

454 2583 546 2661 Ouad
572 2591 677 2648 autem
710 2583 806 2648 lineae
842 2583 906 2659 ΙΙ,
942 2582 1003 2648 du
1034 2586 1266 2667 praedictorum
1293 2593 1522 2652 momentorum

362 2694 424 2757 sirit
448 2707 622 2766 mensurae,
645 2692 688 2755 sic
708 2699 803 2772 putei.
822 2691 899 2755 Cum
915 2695 998 2756 euim
1013 2694 1187 2758 sublimitas
1205 2695 1377 2778 parobolae
1402 2695 1467 2760 ΗΒ
1484 2697 1522 2759 sii

365 2802 434 2877 ΙΙΙ,
454 2799 621 2882 parabolae
643 2817 715 2862 uero
739 2799 798 2864 FB
821 2803 860 2865 sit
886 2799 963 2875 LF,
990 2805 1018 2866 si
1045 2805 1177 2885 impetus
1201 2805 1403 2870 boriaoaiolis
1426 2823 1523 2889 pura·

365 2911 448 2978 iotae
472 2908 535 2974 ΠΒ
553 2920 694 2992 poetatur
716 2927 779 2976 esse
804 2911 873 2987 ΙΗ,
892 2913 1062 2996 parabatur
1086 2913 1147 2978 FB
1169 2917 1226 2979 erit
1252 2911 1313 2978 ds
1330 2915 1434 2980 medio
1450 2933 1524 2999 pro·

358 3018 542 3100 portionalis
565 3020 648 3086 iuter
672 3017 739 3093 tii.
764 3018 822 3084 al*
843 3021 1071 3096 sublimitates:
1092 3032 1122 3087 et
1143 3025 1170 3088 si
1194 3024 1326 3107 impetus
1342 3027 1525 3091 tortuosio-

363 3125 399 3186 iis
418 3124 585 3204 parobolae
610 3123 868 3208 duumuirum
887 3146 945 3210 per
968 3127 1032 3194 ΙΙΙ
1050 3137 1096 3196 eet
1115 3129 1198 3207 ΙΙΙ,
1233 3134 1367 3214 impetus
1390 3133 1527 3215 eiusdem

360 3231 525 3313 parabolae
546 3233 813 3315 perpendicularis
835 3245 903 3316 posi
926 3235 986 3300 HC
1009 3239 1067 3302 erit
1091 3235 1145 3304 ill
1165 3239 1287 3317 media,
1310 3249 1340 3303 et
1363 3239 1432 3304 ideo
1457 3241 1527 3305 dia·

361 3342 479 3420 ponatis
504 3341 547 3406 ΙΙ
570 3341 629 3404 erit
652 3357 800 3408 masura
833 3344 967 3427 impetus
993 3348 1153 3428 compositi
1187 3347 1220 3410 io
1252 3355 1369 3430 peraeto
1405 3347 1437 3412 B
1458 3357 1525 3438 pust

363 3467 531 3514 recursum
553 3449 719 3530 parabolae
744 3447 805 3516 aa
826 3469 882 3534 per
904 3453 962 3517 μ’·
981 3453 1101 3534 buius:
1133 3462 1166 3517 at
1199 3471 1272 3520 eum
1296 3455 1428 3537 impetus
1452 3473 1525 3539 per·

361 3559 571 3641 peridieuluris
590 3569 660 3642 past
682 3559 742 3625 tie·
763 3565 803 3628 sit
826 3562 890 3642 m,
910 3573 979 3648 past
1003 3563 1062 3628 FC
1078 3567 1112 3628 ia
1132 3565 1283 3647 parabola
1299 3565 1358 3630 FB
1375 3568 1436 3632 erit
1459 3586 1523 3632 me·

363 3670 415 3734 dia
434 3667 511 3742 FB:
525 3678 553 3734 et
569 3671 768 3736 borisoatulis
791 3682 848 3746 est.
870 3681 905 3738 ut
927 3671 1072 3748 uidimue.
1095 3671 1174 3748 ude
1189 3691 1263 3756 erpa
1284 3675 1417 3757 impetus
1441 3693 1525 3742 eorr-

361 3777 479 3856 pariius
502 3779 560 3842 erit
586 3775 658 3854 GE,
681 3779 764 3861 quud
786 3790 853 3848 erui
877 3781 1164 3848 demonstrandum.

672 3945 847 4012 asinodam
874 3945 935 4018 Vl.
960 3947 1142 4012 Puoeussmo
1166 3949 1220 4013 iii.

443 4102 603 4186 -depuaies
625 4115 700 4170 suat
722 4103 941 4185 amplitudines
962 4105 1198 4186 parabolarum.
1222 4125 1359 4190 suarim
1377 4109 1524 4176 milredi·

367 4229 417 4276 ries
441 4223 468 4276 ei
493 4213 697 4279 sublimitates
722 4233 737 4274 a
760 4214 919 4278 eoairorio
941 4215 1001 4278 sibi
1022 4215 1218 4298 respoudeat.

453 4323 631 4388 Parabolae
656 4320 709 4385 i'ii
734 4317 816 4403 (lup.
836 4318 910 4404 iiii)
935 4321 1075 4388 altitudo
1098 4321 1152 4388 oi
1175 4323 1218 4388 ad
1240 4323 1450 4389 altitudinem
1469 4325 1521 4392 cti

365 4429 539 4510 parabolae
564 4428 616 4492 ui)
638 4426 774 4494 eandem
799 4426 917 4492 babeat
941 4429 1113 4506 rationem,
1136 4446 1236 4512 quarn
1259 4430 1446 4498 sublimitas
1471 4431 1523 4498 iia

363 4537 404 4600 ad
427 4537 662 4601 sublimitatem
688 4535 749 4600 FE.
775 4535 865 4611 ilico,
889 4537 1141 4620 amplitudinem
1161 4537 1219 4605 HG
1241 4539 1451 4620 amplitudini
1472 4539 1523 4606 ilc

365 4663 439 4716 esse
453 4644 634 4725 almitatem.
653 4648 735 4712 liunt
757 4647 843 4712 enim
865 4648 971 4729 prima
990 4647 1043 4712 dl
1062 4649 1103 4713 ad
1123 4649 1302 4718 seeundum
1319 4651 1369 4718 Cli
1385 4651 1522 4716 eaodem
