3775 5759
281 618 285 623 ’
364 635 430 701 202
671 651 815 700 nranoour
839 652 939 698 nenne
963 650 1065 697 soors
1089 649 1214 698 sciunzn

360 773 522 840 inlinitum
547 777 797 848 extenderetur3
819 779 904 837 esset
927 778 1037 836 autem
1062 772 1138 836 talis
1153 772 1322 848 velocitas,
1338 778 1375 836 ul
1392 773 1426 835 in
1443 776 1525 835 tern-

360 899 437 962 pore
459 884 587 965 aequali
612 883 749 963 tempori
774 867 948 945 descen'sus
972 899 1029 961 per
1045 882 1099 945 ati
1113 880 1147 945 in
1162 880 1333 945 horizonte
1348 878 1524 945 conticeret

359 991 499 1071 spatium
513 990 647 1072 duplum
662 989 763 1072 ipsius
778 989 843 1054 AB.
863 989 962 1053 Modo
979 988 1153 1070 tingamus,
1169 988 1256 1052 idem
1273 989 1396 1054 mobile
1410 989 1522 1052 eodem

360 1100 537 1165 celeritatis
561 1099 664 1182 gradu
687 1098 902 1179 aequabiliter
926 1097 1051 1162 moveri
1077 1113 1134 1178 per
1156 1095 1289 1177 planum
1313 1095 1378 1168 BC,
1394 1096 1478 1160 adeo
1492 1101 1526 1161 ul

359 1213 459 1276 etiarn
484 1216 517 1275 in
539 1211 602 1276 boe
626 1217 771 1293 tempore
793 1209 921 1291 aequali
943 1211 1080 1291 tempori
1097 1209 1274 1273 descensus
1293 1225 1350 1289 per
1369 1210 1426 1273 ΑΒ
1439 1226 1525 1273 con-

360 1318 472 1383 ticeret
495 1335 591 1399 super
614 1317 665 1383 bc
689 1322 825 1381 extenso
858 1317 1002 1397 spatium
1025 1315 1161 1396 duplum
1185 1316 1289 1397 ipsius
1311 1317 1378 1381 AB.
1406 1317 1525 1381 ilerum

237 1478 239 1485 ,
359 1428 582 1511 intelligamus
605 1428 717 1490 statim
741 1433 838 1506 atquc
861 1423 1037 1489 ascendere
1064 1424 1192 1506 incipit,
1214 1423 1244 1485 el
1268 1429 1385 1505 suante
1408 1429 1526 1487 natura

359 1536 570 1619 superuenire
593 1536 674 1600 illud
699 1535 797 1607 idem,
819 1536 904 1616 quud
927 1535 957 1597 ei
982 1534 1123 1616 contigit
1145 1549 1185 1596 ex
1208 1537 1236 1597 A
1266 1550 1364 1615 super
1390 1533 1523 1614 planum

361 1648 433 1719 AB,
464 1663 581 1728 nempe
610 1646 785 1710 descensus
815 1644 950 1726 quidam
987 1661 1028 1706 ex
1054 1644 1165 1725 quiete
1194 1643 1375 1706 secundum
1409 1641 1527 1725 gradus

358 1754 489 1819 eosdem
512 1754 771 1829 accelerationis,
794 1754 826 1816 vi
866 1769 1015 1833 quorum,
1047 1756 1083 1826 ut
1115 1752 1149 1815 in
1178 1752 1234 1815 AB
1262 1752 1415 1834 contigit,
1444 1758 1526 1814 tem·

361 1880 437 1945 pore
459 1862 573 1932 eodem
592 1863 800 1926 tantumdem
823 1860 999 1925 descendat
1022 1861 1056 1923 in
1081 1860 1179 1942 plano
1202 1859 1334 1932 rolleno.
1365 1866 1526 1941 quantum

359 1970 529 2034 descendit
552 1989 609 2053 per
630 1971 700 2043 nm
725 1968 933 2034 manifestum
956 1973 1017 2043 est,
1031 1969 1117 2051 quod
1132 1985 1175 2032 ex
1190 1967 1350 2052 ejusmodi
1368 1969 1527 2034 mixtione

360 2084 467 2144 motus
489 2082 670 2162 aequabilis
694 2079 922 2152 ascendentis,
945 2084 977 2142 et
1001 2079 1176 2143 accelerati
1198 2078 1430 2143 descendentis
1454 2095 1526 2159 per-

359 2191 497 2257 ducetur
519 2194 638 2259 mobile
661 2194 702 2257 ad
729 2194 906 2257 terminum
930 2192 955 2259 C
976 2209 1031 2272 per
1052 2192 1185 2274 planura
1205 2191 1379 2273 uujmm
1395 2189 1526 2267 eosdem

358 2300 543 2366 velocitatis
567 2301 697 2385 gradus,
721 2302 777 2382 qui
802 2306 899 2365 erunt
920 2299 1083 2381 aequales.
1099 2299 1195 2378 Quod
1215 2316 1295 2364 vcro
1312 2298 1457 2380 sumplis
1476 2303 1526 2361 ut·

359 2427 487 2491 cunque
509 2409 636 2475 duobus
661 2412 790 2490 punctis
813 2410 850 2480 b.
873 2411 911 2483 E,
934 2411 1116 2492 aequaliter
1132 2410 1175 2475 ab
1191 2409 1314 2492 angulo
1330 2409 1357 2473 ll
1376 2409 1526 2482 mmotis,

358 2520 516 2583 transitus
540 2536 596 2599 per
620 2517 673 2582 lili
697 2518 755 2581 dat
778 2524 922 2600 tempure
944 2518 1074 2600 aequali
1101 2519 1238 2600 temperi
1262 2516 1456 2582 reflexionis
1472 2533 1526 2598 per

359 2626 424 2700 illi,
447 2625 522 2691 hinc
547 2626 702 2708 colligere
727 2643 908 2708 possumus.
933 2627 1039 2704 [lucta
1063 2626 1117 2691 DF
1140 2627 1202 2690 erit
1226 2624 1381 2706 paralisis
1399 2624 1444 2688 ad
1460 2623 1526 2695 bc:

357 2740 488 2799 constat
510 2736 609 2806 enim.
632 2735 826 2798 descensum
850 2752 907 2816 per
929 2736 988 2799 ΑΙ)
1011 2734 1134 2798 retleeti
1152 2752 1209 2816 per
1223 2734 1289 2809 DF,
1303 2735 1391 2816 quod
1409 2734 1437 2799 si
1456 2739 1526 2816 post

359 2844 387 2907 b
410 2843 529 2907 mobile
544 2842 668 2924 teratur
684 2861 740 2925 per
756 2843 993 2907 horizontalem
1010 2843 1077 2916 lili,
1094 2843 1237 2924 impetus
1257 2843 1291 2908 iu
1310 2843 1336 2907 E
1355 2842 1421 2905 erit
1436 2841 1524 2906 idem

357 2970 434 3018 cum
458 2954 580 3033 impetu
603 2952 638 3015 in
663 2952 706 3026 b;
729 2969 807 3035 erqo
830 2969 871 3015 ex
894 2951 920 3015 E
945 2951 1099 3015 ascendet
1123 2952 1159 3014 in
1179 2951 1214 3021 C,
1232 2969 1312 3034 ergo
1328 2950 1451 3033 gradus
1469 2968 1524 3015 ve·

358 3063 500 3125 locilatis
523 3062 555 3123 in
580 3062 608 3125 li
631 3069 678 3125 est
702 3063 848 3143 aequalis
874 3061 990 3145 gradui
1016 3063 1047 3123 in
1074 3061 1111 3125 li.
1135 3063 1185 3125 Ex
1209 3062 1260 3126 bis
1284 3063 1387 3143 igitur
1424 3063 1524 3124 ratio-

357 3172 510 3234 nabililer
531 3189 676 3235 asserere
701 3190 884 3253 possumus,
906 3171 1003 3251 quod,
1027 3171 1053 3233 si
1079 3188 1135 3251 per·
1159 3171 1291 3252 aliquod
1315 3171 1449 3252 planum
1476 3171 1524 3233 in·

357 3279 515 3344 clinatum
531 3280 588 3344 liat
602 3282 787 3356 descensus,
804 3284 875 3361 post
891 3298 988 3360 quem
1005 3289 1161 3361 sequatur
1173 3281 1308 3347 rellexio
1321 3299 1377 3361 per
1390 3282 1523 3363 planum

355 3387 531 3462 elevatum,
556 3390 674 3452 mobile
699 3407 755 3468 per
779 3391 936 3470 impetum
961 3396 1155 3469 conceptum
1180 3392 1333 3455 ascendet
1358 3392 1524 3473 usquead

356 3494 492 3557 eandem
516 3494 732 3565 altitudinem,
757 3514 814 3558 seu
836 3496 1054 3560 elevationem
1079 3499 1120 3560 ab
1145 3499 1323 3561 horizonte.
1350 3497 1391 3563 Ut
1415 3500 1443 3562 si
1466 3498 1522 3562 slat

357 3606 531 3669 descensus
554 3622 610 3686 per
635 3607 699 3677 AB,
723 3603 845 3668 leretur
873 3606 993 3669 mobile
1023 3623 1078 3685 per
1107 3607 1240 3687 planum
1277 3607 1437 3671 reflexum
1475 3607 1524 3672 lid

358 3731 459 3795 usque
482 3714 523 3776 ad
546 3712 783 3776 horizontalem
809 3713 877 3786 A&
903 3731 966 3776 non
994 3721 1120 3778 tantum
1145 3716 1171 3778 sl
1198 3716 1430 3779 inclinationes
1455 3716 1525 3796 pla·

357 3839 472 3884 norum
496 3824 562 3885 sint
584 3822 757 3902 aequales,
783 3839 897 3884 verum
921 3823 1021 3885 etiarn
1045 3826 1071 3886 si
1098 3824 1287 3904 inaequales
1310 3824 1390 3895 sint,
1416 3826 1523 3905 qualis

356 3934 404 3991 est
427 3928 514 4007 plani
541 3930 610 4002 Bll;
633 3936 837 4010 assumptum
862 3931 949 3993 enim
976 3932 1063 4012 prius
1091 3938 1162 4003 est,
1187 3932 1310 4014 gradus
1337 3933 1525 3998 velocitatis

356 4053 426 4098 esse
449 4038 623 4116 aequales,
646 4039 701 4119 qui
725 4056 823 4119 super
848 4039 953 4119 planis
977 4039 1195 4119 inaequaliter
1219 4041 1386 4105 inclinatis
1410 4042 1527 4122 acqui·

357 4150 484 4216 runtur,
507 4143 585 4206 dum
606 4146 750 4225 ipsorum
768 4145 940 4226 planorum
959 4146 1073 4210 eadem
1088 4145 1187 4210 luerit
1206 4166 1304 4230 supra
1320 4149 1525 4214 horizontem

355 4252 505 4315 elevatio.
530 4249 563 4314 Si
587 4258 696 4315 autem
720 4253 880 4315 existente
898 4252 1012 4316 eadem
1030 4254 1244 4318 inclinatione
1264 4256 1438 4336 planorum
1460 4258 1526 4327 Eli.

361 4360 413 4422 llll
437 4357 532 4444 (Fiq.
562 4357 605 4423 83
618 4357 639 4443 ),
663 4358 837 4422 descensus
862 4377 917 4439 per
940 4360 994 4423 Eli
1017 4361 1184 4441 impellere
1208 4363 1296 4426 valet
1321 4363 1442 4427 mobile
1468 4382 1525 4445 per

358 4470 489 4547 planum
510 4467 563 4531 BD
586 4484 687 4547 usque
711 4468 751 4529 ad
776 4467 913 4541 mcum
937 4468 1012 4530 talis
1036 4470 1195 4549 impulsus
1213 4470 1268 4533 liat
1287 4479 1419 4553 propter
1443 4491 1525 4537 con·

357 4581 486 4652 ceptum
513 4576 696 4639 velocitatis
716 4577 873 4656 impetum
899 4576 930 4637 in
956 4581 1077 4655 puncto
1097 4579 1134 4648 li;
1154 4578 1259 4657 sitque
1278 4579 1365 4641 idem
1384 4580 1526 4660 impetos

358 4682 390 4742 in
418 4683 450 4748 li,
475 4701 531 4747 seu
552 4685 725 4749 descendat
747 4686 864 4749 mobile
886 4703 940 4766 per
963 4686 1027 4760 AB,
1046 4704 1102 4750 seu
1121 4706 1176 4767 per
1196 4689 1263 4761 Em
1283 4695 1422 4761 constal,
1440 4691 1527 4773 quod
