3775 5759
687 692 690 697 -
823 666 976 713 utonem
999 666 1098 715 remu
1478 648 1540 713 179

379 797 463 855 ecclc
487 790 712 872 proposizione
739 788 957 863 dell'Autnre3
986 806 1039 853 mn
1063 789 1152 879 besti
1180 805 1234 869 per
1260 805 1319 851 orn
1337 771 1390 851 tal
1413 788 1540 870 digres-

377 901 479 974 eione,
493 898 556 962 che
571 897 657 962 tome
676 896 720 980 gli
737 894 755 959 i
774 895 910 960 riuscitu
927 903 1044 978 troppo
1060 891 1337 968 tedium-benetie
1353 901 1556 959 veramente

374 1005 408 1069 dt
433 1004 566 1086 prodito
589 994 623 1068 in
645 1010 760 1084 queste
782 1003 919 1067 materie
942 1004 994 1068 del
1020 1010 1119 1067 moto.

383 1166 386 1171 .
465 1114 559 1179 suun.
576 1112 659 1176 Ami
675 1112 707 1175 dt
722 1113 789 1176 mio
804 1111 1024 1194 grandissimo
1041 1116 1138 1194 gusto
1155 1129 1173 1172 e
1193 1112 1457 1176 necessarissima
1475 1112 1537 1177 altu

376 1222 514 1304 perfetta
536 1222 743 1304 intelligeuza
766 1220 799 1284 di
822 1220 897 1302 quel
918 1220 1089 1301 principio.

465 1330 560 1395 Sntv.
581 1324 763 1411 Rlpiglierd
785 1329 918 1409 dunque
944 1327 974 1390 la
994 1327 1115 1391 letiuru
1139 1326 1191 1391 del
1217 1335 1310 1392 testo.

684 1501 862 1566 Tutorem
886 1500 937 1570 itt,
962 1499 1148 1605 Puoeosrrro
1176 1501 1227 1565 itt.

413 1701 418 1715 ·
462 1666 506 1732 st·
521 1685 617 1751 cuper
646 1667 743 1749 ptcrtc
770 1667 943 1742 inclinato,
965 1677 1060 1751 utque
1083 1671 1117 1731 in
1136 1668 1377 1750 perpendiculo.
1402 1688 1537 1751 quereum

372 1774 482 1841 eudem
503 1777 543 1839 tit
564 1775 713 1850 altitudo,
733 1775 860 1856 {matur
882 1793 923 1838 en
944 1777 1049 1858 quiete
1071 1776 1151 1841 idem
1173 1776 1297 1852 metite,
1324 1786 1463 1858 temporo
1485 1779 1538 1841 tu·
1614 1810 1616 1815 ·

374 1887 512 1951 tionum·
529 1887 735 1951 cruntinter
767 1902 799 1948 ee
825 1892 861 1947 itt
887 1884 977 1966 plcet
1003 1887 1102 1967 ipcitu
1136 1895 1167 1949 et
1192 1885 1404 1970 perpendiculi
1437 1887 1537 1966 loupi-

375 1993 512 2059 tudim.
1084 2032 1088 2037 -

464 2102 513 2170 sit
534 2104 668 2187 plenum
688 2104 884 2171 inclinatum
908 2102 963 2170 AC
988 2100 1083 2187 (Εἰς.
1107 2099 1186 2188 52),
1210 2111 1243 2167 et
1267 2101 1535 2184 perpendiculum

372 2211 440 2287 AB,
462 2229 603 2294 quorum
626 2214 744 2279 eadem
764 2214 807 2300 eit
830 2212 973 2276 altitudo
994 2229 1095 2294 supra
1119 2212 1320 2276 horizontem
1340 2212 1404 2288 CB,
1421 2230 1537 2294 nempe

371 2320 511 2401 ipeumct
533 2321 620 2386 linea
642 2322 715 2386 Bri:
731 2321 827 2393 iiico,
857 2327 987 2402 tempus
1013 2320 1190 2385 descensus
1224 2322 1370 2404 ejusdem
1407 2322 1536 2386 mobilis

369 2440 469 2506 super
491 2425 590 2506 plano
613 2426 679 2500 Ac,
701 2426 744 2490 ud
767 2433 894 2507 tempus
916 2444 1016 2492 cesus
1038 2429 1072 2491 in
1096 2427 1330 2510 perpendiculo
1362 2431 1440 2503 ΑΒ.
1461 2448 1535 2494 enni

370 2530 491 2597 hebere
523 2506 708 2610 rationem,
730 2550 831 2615 quum
855 2533 953 2598 nubet
977 2534 1150 2617 longitudo
1174 2536 1262 2616 plani
1286 2535 1341 2603 Ac
1366 2536 1408 2599 ad
1431 2537 1535 2618 ipsius

370 2641 594 2724 perpendiculi
622 2643 678 2708 AB
705 2643 956 2725 longitudinem.
989 2643 1220 2733 intelligantur
1246 2644 1343 2709 enim
1375 2645 1534 2726 quotlibet

370 2750 479 2815 linceo
501 2750 667 2827 uu,-E1‚
690 2750 765 2826 FL,
788 2750 950 2816 horizonti
974 2750 1027 2818 CB
1052 2750 1242 2831 parallelae:
1265 2757 1393 2816 constet
1416 2768 1457 2815 ex
1480 2769 1535 2815 ae·

368 2860 522 2942 sumptu,
545 2859 667 2942 gradus
690 2859 874 2924 velocitatis
896 2859 1029 2924 mobilis
1051 2877 1092 2923 nx
1116 2863 1144 2923 Α
1169 2860 1276 2941 primo
1307 2866 1416 2926 motus
1439 2861 1535 2927 initio

366 2972 401 3035 in
425 2971 558 3052 punctis
577 2970 637 3037 Gt)
658 2972 839 3053 acquisitos
861 2989 932 3037 esec
956 2972 1122 3053 aequales,
1143 2988 1221 3036 cum
1245 2989 1397 3037 accessus
1412 2973 1454 3037 nd
1470 2973 1532 3037 lm-

368 3080 528 3145 rlncutem
542 3082 697 3162 eeqnnlcs
709 3081 797 3145 sint:
819 3082 973 3145 similiter
995 3081 1118 3162 gradus
1141 3081 1175 3144 in
1201 3082 1330 3163 punctis
1346 3082 1413 3156 LE
1432 3083 1530 3147 iidem

367 3190 484 3261 eruut,
515 3202 576 3253 uec
597 3204 663 3253 nun
687 3188 808 3271 padus
831 3190 866 3251 in
888 3189 914 3252 L
935 3193 969 3250 et
992 3188 1027 3251 F.
1057 3188 1203 3267 Quodsi
1228 3206 1293 3254 non
1316 3189 1379 3254 hue
1401 3194 1530 3254 tuntum

369 3293 556 3377 paralleled,
576 3296 633 3361 icd
655 3314 697 3360 ex
715 3297 846 3378 punctis
861 3297 1017 3361 omnibus
1032 3297 1137 3361 lineae
1152 3297 1208 3362 AB
1227 3314 1330 3381 usque
1349 3296 1392 3361 ud
1410 3297 1530 3361 lineum

365 3404 427 3472 At}
449 3406 889 3490 prctmctic‘inteltignntun
906 3413 1086 3482 momenta.
1101 3422 1159 3471 seu
1179 3407 1300 3489 medus
1317 3398 1530 3475 velocitatem

364 3514 574 3581 interminio
605 3516 813 3599 singularum
848 3514 1082 3596 parallelorum
1113 3532 1241 3597 semper
1267 3525 1365 3581 crunt
1389 3518 1474 3582 inter
1496 3534 1530 3581 se

365 3622 469 3703 peria.-
485 3620 714 3690 coniiciuntur
736 3623 848 3703 itaque
871 3623 981 3705 spetia-
995 3621 1063 3688 dun
1081 3624 1148 3701 nc,
1165 3626 1221 3688 ΑΒ
1238 3625 1355 3688 iisdem
1374 3626 1530 3708 gradibus

364 3731 563 3797 velocitatis.
585 3728 649 3797 Sed
671 3730 933 3805 demonstratum
956 3738 1020 3802 est,
1044 3731 1132 3812 qnod
1156 3733 1183 3796 si
1207 3731 1274 3795 duo
1296 3731 1403 3812 spatia
1424 3730 1529 3794 contl-

364 3839 498 3905 cuntur
518 3855 540 3903 u
558 3837 698 3915 mobili,
721 3837 809 3919 quod
833 3837 950 3903 iisdem
976 3838 1162 3904 velocitatis
1192 3841 1349 3921 gradibus
1383 3838 1528 3914 leuatur,

364 3945 793 4027 anmmuonem-nment
816 3945 1032 4027 ipsu-spella,
1052 3946 1189 4009 eandem
1225 3945 1347 4009 habent
1381 3952 1527 4027 tempore

365 4053 538 4131 tutionem,
559 4070 640 4137 crgo
662 4060 791 4136 tempus
809 4054 941 4120 lationis
965 4071 1021 4136 per
1039 4055 1093 4121 tc
1118 4053 1159 4117 ad
1179 4061 1307 4137 tempus
1324 4071 1380 4136 per
1396 4053 1452 4118 AB
1467 4061 1528 4129 est,

367 4166 406 4225 ut
427 4160 597 4246 mulindu
618 4163 707 4245 plani
721 4163 784 4231 AG·
793 4165 836 4227 nd
846 4163 1093 4245 longitudinem
1111 4162 1332 4246 perpendiculi
1349 4164 1414 4229 AB.
1430 4165 1524 4241 Quod

364 4275 440 4333 erat
453 4268 737 4337 demnutrmdum.

454 4486 678 4557 Smedarmi
701 4492 764 4556 clrc
786 4493 872 4557 assui
896 4493 1121 4558 chiaramente
1143 4510 1162 4556 e
1185 4509 1247 4556 con
1270 4486 1397 4554 lircvitd
1421 4491 1449 4553 si
1467 4508 1525 4571 po-

360 4605 442 4663 tcvn
471 4598 666 4667 conludere
688 4601 710 4665 il
737 4602 930 4677 medesimn,
953 4602 1118 4668 essendcsi
1146 4597 1201 4686 gili
1223 4599 1381 4664 concluso
1408 4599 1469 4663 che
1494 4601 1524 4663 lu

358 4723 490 4773 summu
513 4707 564 4773 del
587 4717 675 4775 moto
699 4711 881 4777 accelerato
899 4714 950 4777 dei
968 4713 1119 4795 passaggi
1138 4729 1195 4794 per
1211 4709 1277 4787 Ac,
1295 4710 1350 4775 ΑΒ
1368 4705 1525 4792 equanto
