3775 5759
361 648 425 718 192
523 688 530 712 ¹·
664 666 812 713 erinnem
839 666 939 713 nuncu
963 665 1068 716 annue
1092 666 1219 714 sensnm

354 806 429 871 pere
451 788 575 872 nequeli
599 791 626 852 ei
638 834 648 863 ,
681 807 745 870 que
772 789 937 871 renuitur
957 787 1091 870 plenum
1114 786 1305 852 inclinatum
1326 797 1397 868 pust
1420 802 1527 851 caten

357 904 503 983 tepente
524 908 649 981 reperte
671 901 706 962 iu
727 899 959 983 perpendiculo.

448 1008 497 1075 Sit
509 1008 778 1091 perpendiculum
793 1010 848 1075 ΒΒ
862 1006 949 1097 (Fiq.
961 1008 1029 1096 d8),
1044 1017 1077 1074 et
1097 1010 1233 1093 planum
1245 1009 1287 1075 ad
1302 1010 1414 1091 ipsum
1428 1010 1528 1074 incli-

357 1124 475 1183 natum
491 1116 556 1183 AC.
579 1116 716 1199 Oportet
737 1120 772 1183 in
797 1120 1029 1203 perpendiculo
1047 1118 1104 1185 ΑΒ
1123 1124 1250 1201 partem
1266 1119 1426 1201 reperire,
1441 1135 1526 1199 quae

358 1246 400 1293 ea
422 1229 533 1310 quiete
554 1227 753 1291 condoletur
777 1236 922 1310 tempore
945 1227 1074 1310 aequali
1098 1228 1142 1303 ei,
1163 1243 1231 1310 quo
1254 1231 1329 1310 post
1351 1241 1471 1291 casnm
1495 1227 1527 1288 in

358 1354 398 1402 ea
412 1333 590 1400 coniicitur
606 1334 741 1416 planum
766 1335 831 1401 AC.
857 1334 1006 1400 [lucatur
1029 1334 1244 1400 horizontalls
1266 1333 1331 1408 CB,
1355 1339 1391 1396 et
1412 1339 1451 1398 ut
1474 1334 1526 1397 ΒΑ

359 1463 437 1511 num
460 1443 561 1526 dupla
584 1442 639 1510 AG
663 1445 706 1509 ad
728 1443 793 1517 ΑΒ
816 1446 864 1509 lta
883 1445 941 1510 liat
963 1445 1018 1511 ΕΑ
1040 1439 1085 1509 nd
1110 1437 1180 1516 ΑΕ,
1197 1448 1233 1508 et-
1254 1449 1291 1508 ut
1313 1444 1371 1507 ΒΑ
1396 1444 1439 1508 ad
1465 1444 1528 1516 ΑΒ

359 1555 407 1617 ita
431 1551 488 1616 liat
513 1551 569 1617 ΕΛ
594 1552 637 1616 ad
661 1552 730 1626 ΑΒ,
752 1561 784 1616 et
799 1554 851 1617 ab
873 1552 902 1616 ll
927 1553 1072 1617 ducatur
1095 1551 1378 1634 perpendicularis
1403 1551 1465 1616 llll
1488 1552 1527 1615 ad

358 1662 437 1736 ΒΒ;
459 1662 535 1726 dico
559 1661 589 1725 X
611 1677 683 1724 esse
707 1664 865 1743 punctum
889 1661 1089 1742 quaesitum.
1125 1661 1168 1725 Et
1201 1660 1283 1740 quia
1310 1666 1346 1723 ul
1372 1659 1428 1724 ΒΑ
1454 1676 1527 1723 cum

361 1774 460 1857 duple
484 1772 539 1840 AG
563 1769 605 1834 ad
630 1768 696 1844 AG,
718 1771 764 1834 itu
787 1768 842 1836 CA
866 1770 907 1834 ad
933 1770 1002 1844 ΑΕ,
1024 1769 1203 1834 dividendo
1224 1768 1432 1841 ementita
1454 1785 1526 1831 cun

361 1882 414 1948 ΑΒ
438 1881 482 1945 ad
506 1879 571 1954 AG,
593 1880 642 1944 itn
665 1878 719 1946 ΒΕ
742 1880 785 1944 nd
807 1879 876 1949 ΕΑ,
900 1884 933 1942 et
956 1880 1037 1961 qula
1059 1885 1097 1943 ut
1119 1879 1173 1943 ΒΛ
1198 1880 1240 1943 ad
1262 1876 1329 1955 AC,
1344 1878 1395 1942 ita
1413 1878 1475 1943 ΕΑ
1490 1878 1526 1942 ad

361 1990 429 2060 ΑΒ.
451 1990 515 2055 erit
537 1988 774 2072 componendo,
796 1993 836 2052 ut
857 1989 911 2054 ΒΑ
935 2006 1014 2053 cum
1039 1989 1093 2055 AC
1122 1989 1166 2054 ad
1183 1987 1250 2063 ΑΒ,
1264 1989 1316 2053 ita
1325 1987 1447 2068 Ellad
1464 1988 1525 2051 ΒΑ.

360 2097 423 2163 Sed
448 2097 564 2173 utllA
586 2112 664 2161 eum
689 2094 744 2162 AC
768 2097 810 2161 ad
833 2095 900 2171 ΑΒ,
923 2097 970 2160 ita
993 2103 1042 2161 est
1065 2096 1120 2165 GE
1144 2096 1186 2160 ad
1210 2094 1525 2178 emergentes

361 2207 403 2271 ad
427 2206 495 2281 EA,
518 2207 570 2270 ita·
591 2206 648 2269 ΕΒ
667 2204 716 2281 ad,
732 2204 806 2274 ΒΛ,
822 2209 862 2276 ¹et
886 2205 984 2271 ambo
1007 2204 1234 2269 antecedentia
1255 2204 1302 2269 ad·
1320 2205 1422 2269 ambo
1446 2220 1527 2268 cen-

360 2316 544 2398 sequentia,
566 2330 683 2395 nempe
705 2312 760 2380 cll
785 2313 826 2376 ad
850 2314 919 2378 ΒΕ.
942 2312 1026 2378 Sunt
1050 2314 1162 2394 itaque
1185 2312 1253 2384 CR,
1275 2312 1345 2388 ΒΕ,
1368 2312 1431 2378 ΒΔ
1451 2330 1525 2394 prn-

360 2425 570 2508 porlionnlee.
595 2422 758 2504 Amplius,
780 2422 921 2504 qulant
943 2423 1001 2487 ΒΑ
1023 2423 1065 2485 ad
1090 2420 1167 2495 AC,
1191 2422 1240 2486 ita
1262 2423 1369 2504 posita
1393 2427 1447 2487 est
1476 2422 1526 2486 ΕΑ

359 2535 403 2599 ad
425 2535 497 2609 ΑΒ,
519 2538 551 2596 et
576 2536 708 2613 prepter
730 2531 984 2597 similitudinem
1010 2530 1253 2612 triangulorum
1278 2529 1450 2594 utillud
1467 2529 1527 2605 ΑΒ,

360 2645 409 2708 ita
431 2643 493 2708 ΧΑ
514 2639 558 2706 ad
582 2640 662 2713 AB:
685 2658 765 2724 erge
786 2647 826 2704 ut
846 2639 906 2705 ΕΛ
921 2641 972 2706 nd
994 2641 1081 2717 All,
1107 2639 1155 2705 ila
1183 2641 1243 2704 ΧΑ
1270 2640 1316 2704 ad
1340 2641 1526 2705 Alte-snat

360 2754 472 2833 itaque
494 2751 575 2820 ΕΑ,
613 2750 672 2813 llll
697 2749 864 2831 aequales.
887 2749 988 2840 Mede
1009 2750 1036 2813 si
1062 2749 1289 2831 inaetltgsmus
1312 2754 1449 2830 tempus
1477 2764 1526 2830 pa

362 2862 421 2926 ΒΛ
444 2877 516 2924 esse
538 2865 576 2924 ut
598 2859 680 2933 ΒΑ,
702 2864 833 2940 tempus
857 2875 914 2939 per
936 2856 993 2925 lic
1016 2858 1080 2921 erit
1102 2857 1182 2932 ΒΕ,
1203 2857 1314 2926 medic
1337 2857 1427 2922 inter
1450 2857 1525 2926 cll.

360 2971 441 3042 RA3
464 2972 497 3031 et
520 2967 577 3032 ΛΕ
600 2967 665 3030 erit
687 2970 816 3053 tempus
840 2982 897 3048 per
920 2965 974 3032 AC
991 2972 1071 3046 post
1094 2967 1169 3036 llll..
1188 2966 1260 3029 sive
1277 2965 1455 3046 postlla:
1474 2982 1524 3030 rc·

362 3096 436 3142 rum
461 3084 590 3157 tempus
614 3094 670 3158 per
695 3076 752 3138 ΧΑ
776 3082 824 3140 est
848 3076 929 3141 ΧΑ,
966 3075 1044 3139 dum
1070 3076 1128 3139 ΒΑ
1152 3080 1203 3138 est
1227 3080 1355 3155 tempus
1381 3092 1441 3155 per
1463 3076 1522 3138 llll.

361 3186 537 3252 Ostensum
572 3191 683 3248 nutem
719 3191 768 3247 est
804 3185 888 3255 ΧΑ,
925 3184 979 3247 ΑΒ
1016 3201 1085 3248 esse
1121 3184 1296 3263 aequales:
1331 3201 1414 3266 ergo
1444 3189 1522 3265 patet

361 3303 577 3383 propositum.

666 3467 839 3532 Pnnnenus
864 3469 920 3538 lll,
945 3467 1130 3530 Pneensrrle
1156 3469 1224 3531 XV.

454 3622 538 3687 Dete
569 3622 792 3703 perpendiculo
816 3631 842 3684 et
866 3622 961 3704 place
984 3624 1151 3706 adipsum
1182 3625 1319 3707 inmun,
1349 3626 1521 3704 portemia

361 3731 580 3815 perpendiculo
603 3731 688 3812 infre
712 3741 842 3796 extense
866 3735 1022 3814 reperire,
1045 3752 1126 3816 quae
1147 3745 1280 3815 ternpore
1303 3734 1409 3798 endem
1432 3737 1521 3818 cent·

361 3845 487 3916 eieturr
507 3861 545 3906 ee
567 3842 696 3923 plenum
720 3843 872 3922 inflexum
894 3855 963 3925 pest
988 3862 1096 3907 cusum
1120 3863 1159 3907 rx
1183 3847 1256 3907 dato
1276 3846 1504 3925 perpendiculo.

453 3949 501 4014 Sit
525 3950 794 4032 perpendiculum
820 3952 874 4013 ΛΒ
893 3949 978 4035 (Fiq.
998 3949 1065 4035 69),
1081 3958 1113 4013 et
1127 3951 1262 4032 planum
1286 3952 1326 4014 ad
1347 3952 1459 4032 ipsum
1478 3954 1536 4015 in·

362 4059 484 4121 tlexum
502 4060 766 4140 neuportum
784 4061 1015 4139 perpendiculo
1034 4060 1120 4123 lnlra
1138 4066 1275 4124 extenso
1291 4067 1420 4142 partem
1437 4079 1548 4143 repe⁶

362 4166 445 4237 rire,
461 4183 547 4246 quae
563 4184 604 4230 ex
620 4186 700 4231 casu
718 4170 804 4231 abel
824 4167 1023 4233 conficiatur
1047 4175 1192 4249 tempore
1215 4170 1342 4243 endem,
1357 4175 1458 4251 atque
1479 4158 1570 4233 ΒΕ

361 4295 402 4340 ex
419 4276 532 4340 eodem
558 4293 637 4340 casu
663 4280 704 4340 ab
730 4281 765 4340 Α.
791 4278 940 4340 lineatur
963 4279 1179 4342 herizonlalis
1204 4277 1271 4352 ΛΒ,
1294 4281 1348 4340 cul
1374 4268 1570 4342 occurre·

361 4385 413 4450 CB
437 4392 572 4450 extensa
597 4386 629 4448 in
656 4385 702 4452 l).
727 4392 758 4447 et
782 4387 929 4466 ipsarum
954 4386 1020 4459 CD,
1043 4387 1096 4449 ΒΒ
1121 4387 1228 4459 media
1254 4387 1295 4449 sit
1319 4385 1398 4460 DE,
1422 4391 1456 4448 et
1479 4370 1570 4450 ΒΓ”

363 4503 504 4573 ponatur
526 4495 674 4575 aequalis
698 4495 762 4567 BE,
785 4495 901 4557 deinde
926 4497 1072 4576 ipsarum
1098 4498 1162 4570 ΒΛ,
1187 4497 1240 4559 ΑΒ
1267 4497 1363 4560 tertia
1394 4515 1570 4578 proporf

361 4603 494 4668 tinnulis
517 4607 559 4671 sit
584 4605 649 4671 ad.
673 4606 755 4668 Dico
780 4605 834 4671 BG
858 4624 928 4668 esse
951 4610 1105 4686 spatium,
1131 4608 1217 4688 quud
1245 4616 1316 4689 post
1340 4624 1456 4671 casum
1475 4594 1570 4668 tlt-²

360 4711 538 4775 conficitur
555 4718 699 4795 tempore
723 4715 849 4788 endem,
872 4731 911 4776 ae
932 4715 1066 4793 planum
1084 4715 1136 4780 BC
1156 4722 1224 4796 peel
1244 4717 1384 4779 errudem
1402 4731 1569 4779 aasumae
