3775 5759
357 643 421 706 284
664 652 807 703 ursuocur
832 652 932 699 nuncu
957 650 1057 696 rmore
1082 649 1208 697 scissae

356 779 397 842 lis
420 779 496 853 cti,
529 786 561 842 et
589 776 629 843 lc
654 779 762 839 minor
784 771 854 839 SN:
889 778 922 835 ct
955 772 1033 853 quia
1067 775 1205 850 utruque
1240 767 1337 831 sirnut
1361 767 1440 837 ΒΕ,
1463 765 1514 830 NP

358 889 399 951 ari
422 887 476 952 NP
498 893 547 951 est
571 893 607 949 ut
628 900 730 949 conus
753 882 795 946 ad
821 881 871 955 X;
894 896 1048 945 excessus
1082 885 1215 954 autern,
1246 894 1311 959 quo
1344 893 1450 939 conus
1472 875 1519 937 in·

355 995 510 1075 scriptam
535 993 675 1076 figuram
694 995 836 1071 superat,
861 989 967 1052 minor
989 994 1039 1051 est
1060 986 1165 1051 solido
1188 986 1233 1050 X:
1257 1002 1337 1066 ergo
1354 1001 1462 1047 conus
1479 984 1517 1046 ud

356 1101 481 1166 dictum
496 1116 666 1164 excessum
685 1100 841 1180 majorem
858 1097 1020 1161 rationem
1034 1096 1168 1160 habebit
1179 1111 1278 1177 quam
1296 1100 1439 1174 utraque
1455 1094 1519 1169 BE,

357 1207 412 1272 NP
434 1207 475 1270 ud
498 1205 567 1271 NP:
586 1212 617 1269 ct
635 1203 823 1278 dividendo,
847 1204 1004 1284 inscripta
1028 1201 1135 1286 figura
1157 1202 1199 1266 ad
1219 1218 1406 1276 excessum,
1420 1219 1520 1283 quoa

356 1331 439 1379 cono
461 1321 640 1396 superatur,
667 1311 825 1394 maiorem
848 1310 1006 1375 rationem
1029 1309 1163 1374 habebit
1185 1327 1284 1392 quam
1308 1309 1362 1376 BE
1389 1309 1432 1373 ad
1451 1308 1518 1375 NP:

357 1422 455 1485 habet
477 1428 585 1484 autem
610 1419 663 1486 ΒΕ
687 1419 730 1483 ud
747 1418 789 1483 ΕΙ
805 1419 965 1483 minorem
983 1417 1092 1508 adhuc
1109 1418 1270 1481 rationem
1288 1435 1391 1499 quam
1409 1416 1452 1480 ad
1469 1416 1521 1482 NP

357 1546 432 1595 cum
456 1529 509 1602 IE,
531 1546 607 1593 cum
632 1527 738 1608 major
761 1526 804 1590 sit
827 1525 891 1594 NP,
915 1543 994 1609 crgo
1018 1526 1175 1607 inscripta
1200 1525 1304 1609 figura
1330 1524 1375 1589 ad
1410 1543 1520 1589 exces-

357 1656 441 1714 sum,
469 1655 577 1720 quoa
608 1654 693 1702 cono
715 1643 898 1717 superatur,
922 1635 1027 1700 multo
1050 1639 1210 1722 majorem
1234 1635 1401 1700 rationem
1424 1630 1520 1700 habet

357 1764 455 1828 quam
477 1747 531 1812 ΒΕ
554 1746 597 1810 ad
618 1745 682 1810 El:
705 1761 804 1826 quam
827 1745 930 1826 igitur
954 1747 1114 1809 rationem
1151 1744 1250 1808 habet
1283 1745 1448 1826 iuscripta
1483 1745 1521 1809 ari

357 1855 480 1918 dictum
502 1869 685 1924 excessum,
709 1854 793 1918 hanc
817 1854 949 1919 habebit
971 1854 1011 1917 ad
1036 1852 1076 1917 ΕΙ
1102 1855 1188 1930 linea
1220 1854 1385 1936 quaedam
1418 1855 1521 1938 maior

358 1963 428 2046 ipsa
449 1962 515 2027 BE.
539 1962 588 2028 Sit
611 1965 667 2028 itta
690 1964 763 2029 ΜΕ.
788 1964 873 2042 Quia
889 1966 1001 2047 ‘igitur
1023 1965 1086 2032 ΜΕ
1111 1964 1153 2030 ad
1167 1965 1209 2031 IN
1226 1975 1287 2039 est,
1305 1975 1341 2032 ut
1359 1969 1518 2051 iuscripta

357 2071 462 2153 figura
484 2073 525 2137 nd
549 2090 732 2149 excessum,
754 2092 819 2156 quc
841 2092 862 2138 a
884 2092 968 2138 cono
990 2081 1173 2158 superatur,
1197 2084 1230 2140 et
1251 2083 1301 2142 est
1324 2078 1351 2143 E
1372 2085 1521 2145 centrum

358 2181 531 2261 gravitatis
553 2184 641 2259 coni,
662 2183 677 2247 l
702 2199 780 2247 vcro
801 2190 849 2246 est
873 2183 1046 2264 gravitatis
1064 2190 1215 2250 centrum
1233 2186 1429 2270 inscriptae:
1448 2206 1524 2272 ergo

358 2288 393 2352 Μ
415 2291 478 2355 erit
499 2299 649 2357 centrum
673 2293 847 2374 gravitatis
871 2293 1072 2375 reliquarum
1096 2296 1293 2376 portionum,
1316 2298 1441 2379 quibus
1468 2315 1524 2363 co·

358 2416 418 2464 uus
435 2392 632 2503 ¹pnscriptum
649 2403 711 2468 sibi
728 2401 868 2486 figuram
886 2403 1027 2476 excedit,
1045 2405 1131 2485 quod
1150 2412 1200 2469 est
1213 2396 1433 2487 impossibiie.
1450 2407 1520 2472 Nou

357 2513 407 2570 est
425 2506 504 2590 erpo
525 2518 674 2574 centrum
699 2511 872 2592 gravitatis
895 2514 970 2577 coni
996 2511 1081 2578 inira
1104 2514 1315 2596 Cpunctum.
1333 2515 1400 2582 Seu
1419 2534 1521 2600 neque

360 2635 470 2701 supra.
490 2616 586 2696 Nam,
609 2620 637 2682 si
661 2626 776 2700 potest,
798 2621 841 2685 sit
864 2620 914 2696 Rc
930 2626 964 2684 et
979 2638 1092 2687 rursus
1109 2628 1259 2687 sumatur
1277 2623 1366 2688 ttner
1383 2625 1433 2692 SP
1446 2628 1525 2691 cun·

361 2730 524 2811 tingentur
546 2732 579 2792 iu
603 2727 632 2792 N
651 2735 762 2792 secta:
785 2736 817 2793 ct
840 2746 940 2811 quum
963 2731 1122 2795 rationem
1148 2733 1245 2798 habet
1264 2738 1407 2817 utraque
1423 2735 1520 2802 simut

359 2836 423 2911 BC,
440 2836 497 2901 NP
519 2836 560 2900 ari
584 2836 648 2911 NS,
670 2836 756 2902 hunc
778 2837 900 2902 habeat
921 2856 1025 2903 conus
1043 2840 1084 2904 ud
1103 2841 1156 2916 X;
1178 2848 1210 2906 et
1229 2841 1520 2926 circumscribetur

362 2946 513 3009 similiter
528 2965 612 3010 cono
629 2945 745 3029 ssgura,
768 2966 788 3011 a
806 2965 869 3028 qua
887 2949 1005 3013 minori
1025 2952 1208 3031 quantitate
1224 2958 1405 3033 superetur,
1418 2969 1518 3034 quam

360 3055 401 3118 sit
425 3054 563 3117 solidum
590 3055 639 3117 N:
663 3061 695 3117 ct
720 3055 827 3130 linea,
850 3073 933 3136 quae
957 3055 1042 3119 iuter
1066 3056 1152 3120 iilius
1176 3064 1325 3121 centrum
1350 3059 1523 3140 gravitatis

359 3171 390 3226 ct
415 3165 438 3230 C
463 3163 691 3244 intercipitur,
715 3163 821 3225 minor
844 3164 886 3225 sit
911 3165 981 3244 ipsa
1005 3163 1069 3227 NP.
1094 3164 1142 3229 Sit
1160 3164 1230 3245 jam
1254 3165 1522 3246 circumscripta.

359 3274 452 3356 cujus
475 3278 622 3335 centrum
647 3273 688 3334 sit
707 3270 756 3334 0:
781 3271 842 3332 erit
862 3272 986 3351 reliqua
1002 3271 1060 3335 ΟΕ
1087 3273 1192 3354 major
1215 3273 1285 3352 ipsa
1302 3271 1354 3337 NS
1369 3292 1379 3345 ;
1395 3280 1427 3336 ct
1448 3276 1521 3355 quia

360 3393 394 3447 ut
419 3392 555 3462 utraque
588 3381 686 3444 simui
710 3381 784 3451 BC.
809 3381 862 3444 PN
879 3383 919 3442 ad
944 3379 1007 3454 NS,
1032 3381 1077 3442 ita
1100 3399 1202 3444 conus
1225 3382 1265 3444 ad
1290 3382 1340 3444 X:
1366 3399 1521 3447 excessus

361 3508 449 3562 vero,
471 3507 535 3568 quo
557 3507 659 3550 conus
683 3507 702 3549 a
726 3489 976 3568 circumscripta
1000 3495 1193 3569 superatur,
1219 3491 1324 3553 minor
1347 3498 1398 3555 est
1422 3511 1520 3574 quam

363 3597 411 3658 N:
437 3597 506 3676 ipsa
532 3613 609 3658 vcro
633 3594 687 3659 ΒΟ
704 3596 809 3658 minor
826 3602 875 3658 cst
894 3614 993 3676 quam
1013 3602 1151 3677 utraque
1169 3599 1268 3661 simul
1283 3598 1346 3673 BC,
1365 3600 1436 3664 PN:
1455 3604 1523 3683 ipsa

360 3712 470 3769 autem
492 3704 549 3768 ΟΕ
575 3706 678 3787 major
696 3721 794 3784 quam
819 3704 889 3769 SN:
915 3723 1016 3770 conus
1039 3707 1140 3788 igitur
1164 3708 1205 3771 ad
1231 3708 1372 3789 reliquas
1398 3713 1523 3791 portio·

362 3832 427 3889 nes,
449 3816 566 3895 quibus
590 3833 609 3877 a
632 3814 880 3894 circumscripta
904 3821 1089 3895 superatur,
1114 3818 1218 3882 multu
1242 3819 1402 3902 majorem
1418 3823 1523 3885 ratio·

362 3942 435 3985 nem
459 3925 610 3997 habebit,
633 3942 732 4005 quam
757 3922 812 3988 ΒΟ
834 3924 875 3987 arl
908 3925 975 3989 ΟΕ.
1001 3927 1128 3990 Habeat
1156 3930 1316 3992 rationem
1340 3929 1434 3993 iiiam
1463 3930 1524 3995 ΜΟ

361 4032 403 4093 ad
426 4029 504 4094 OR:
528 4033 590 4095 crit
613 4033 677 4096 ΜΟ
703 4034 806 4115 major
830 4034 900 4113 ipsa
924 4034 997 4107 BC;
1022 4042 1054 4098 et
1077 4035 1111 4098 Μ
1136 4037 1197 4099 erit
1225 4044 1374 4101 centrum
1410 4041 1524 4119 gravi·

363 4140 438 4202 tatis
455 4139 651 4218 portionum,
662 4141 779 4220 quibus
797 4159 897 4204 conus
913 4160 932 4204 a
948 4145 1195 4224 circumscripta
1215 4151 1389 4226 superatur
1405 4147 1523 4229 figura,

361 4247 445 4329 quod
470 4252 518 4310 cst
542 4248 784 4311 inconveniens.
809 4250 880 4314 Non
896 4258 945 4313 cst
962 4270 1041 4333 ergo
1059 4253 1233 4334 gravitatis
1250 4260 1401 4318 centrum
1419 4256 1523 4337 ipsius

360 4358 432 4419 coni
453 4372 550 4436 supra
568 4363 723 4434 puuctum
747 4358 791 4428 C:
816 4360 871 4421 sed
891 4376 994 4440 usquc
1013 4359 1109 4434 inira,
1127 4369 1161 4424 ut
1180 4371 1346 4426 ostensum
1366 4371 1425 4435 est,
1443 4385 1521 4449 crgo

361 4468 421 4528 crit
447 4468 551 4546 ipsum
575 4463 609 4530 C.
634 4465 675 4528 lit
699 4465 786 4528 idem
802 4467 914 4529 ecdem
937 4487 1066 4549 prorsus
1088 4471 1184 4534 modu
1201 4472 1233 4534 iu
1254 4473 1425 4551 pyramide
1440 4494 1520 4556 qua·

360 4591 498 4653 rumque
523 4576 809 4638 dcrucustrubitur.
