3775 5759
793 653 945 702 uroasarr
970 656 1082 702 rasas.
1456 646 1518 711 sol

362 769 502 835 dationis
527 769 698 843 tollantur,
721 770 807 850 quod
832 772 866 834 iu
891 773 961 837 solo
990 774 1184 841 borizcntali
1220 779 1317 859 plerm
1347 782 1525 864 contingit:

361 894 437 943 uam
461 877 495 941 in
518 877 624 959 planis
642 877 825 943 declivibus
844 881 937 945 adest
951 874 1023 963 jain
1040 900 1139 947 causa
1155 886 1405 954 accelerationis
1420 891 1528 972 malo·

359 988 417 1063 ris,
439 987 474 1051 in
496 985 681 1051 acclivibus
706 1003 785 1050 vero
808 987 1050 1053 retardationis.
1073 989 1213 1073 Exque
1236 995 1359 1074 pariter
1381 998 1529 1078 sequitur

360 1101 489 1161 motum
506 1095 540 1159 in
555 1092 751 1159 borizcntali
768 1110 839 1158 esse
854 1112 983 1177 quoque
998 1101 1183 1162 aeternum:
1199 1099 1227 1163 si
1244 1100 1331 1165 enirn
1347 1109 1397 1167 est
1407 1121 1530 1186 aequa-

360 1204 455 1285 bilis„
472 1220 537 1269 non
560 1201 764 1279 debilitatur,
786 1209 844 1269 aut
866 1204 1058 1282 remittitur,
1081 1213 1114 1271 et
1138 1208 1241 1273 multo
1265 1211 1373 1275 miuus
1395 1212 1529 1279 tollitur.

362 1312 526 1395 llnplius,
547 1311 710 1375 existente
732 1309 837 1393 produ
859 1311 1040 1377 celeritatis
1065 1331 1122 1395 per
1136 1314 1322 1381 naturalem
1338 1317 1529 1384 descensum

362 1442 383 1489 a
401 1422 517 1488 mobili
535 1420 697 1502 acquisitu
715 1425 830 1502 suapte
846 1425 965 1485 natura
982 1420 1159 1497 indelebili,
1177 1432 1275 1506 atque
1291 1429 1437 1503 aeterno,
1451 1445 1533 1492 cou-

361 1530 575 1597 sideraudum
596 1529 861 1611 occumtqucd
884 1531 911 1594 si
937 1537 1009 1612 post
1031 1532 1225 1598 descensum
1244 1552 1301 1614 per
1318 1535 1450 1616 manum
1474 1537 1533 1600 de·

362 1642 451 1709 olive
473 1640 532 1706 liat
554 1638 692 1705 reflexio
722 1656 779 1720 per
801 1639 892 1704 aliud
917 1640 1051 1722 planum
1075 1643 1213 1715 acclive,
1233 1643 1302 1724 jam
1329 1645 1362 1708 in
1387 1645 1451 1709 isto
1474 1664 1532 1709 oc-

367 1751 474 1815 currit
502 1766 605 1815 eausa
638 1747 887 1815 retardationis:
911 1750 945 1814 iu
971 1751 1028 1816 tali
1051 1752 1139 1815 enim
1164 1753 1262 1834 plano
1296 1754 1383 1819 idem
1414 1756 1536 1820 mobile

367 1856 561 1923 naturaliter
583 1854 770 1930 descendit;
791 1874 893 1939 querc
913 1858 1033 1923 mixtio
1048 1860 1210 1941 quaedam
1227 1862 1469 1928 contrariarum
1485 1863 1535 1928 el·

368 1965 545 2033 lectionum
567 1965 724 2049 exurgit,
745 1982 863 2048 nempe
886 1967 1010 2051 gradus
1032 1969 1121 2034 illius
1142 1970 1325 2036 celeritatis
1355 1973 1536 2052 acquisitae

368 2075 405 2141 iu
427 2075 635 2159 praecedeuti
658 2076 829 2153 descensu,
850 2078 905 2159 qui
931 2096 988 2161 per
1011 2096 1046 2165 se
1064 2078 1272 2145 uniformiter
1290 2081 1413 2145 mobile
1432 2083 1467 2145 in
1484 2085 1537 2145 in·

367 2184 498 2277 linitum
509 2185 698 2259 adduceret,
711 2191 745 2250 et
761 2186 922 2251 naturalis
939 2188 1166 2269 propensionis
1181 2189 1222 2254 ad
1238 2196 1364 2254 motum
1381 2192 1535 2255 deorsum

360 2294 460 2377 Juxta
483 2294 576 2361 illam
597 2295 736 2361 eandem
761 2297 1003 2379 proportionem
1027 2298 1293 2373 accelerationis,
1318 2298 1416 2383 Juxta
1438 2317 1537 2381 quam

367 2421 500 2487 semper
522 2410 684 2471 moretur.
708 2404 818 2484 Quare
840 2404 1021 2477 admodum
1056 2406 1252 2471 rationabile
1285 2406 1473 2487 videbitur,
1508 2408 1537 2470 si

366 2512 593 2595 inquirentes,
614 2529 780 2594 quaenam
801 2512 996 2594 contingant
1017 2513 1201 2580 accidentia
1225 2515 1306 2582 duur
1325 2516 1445 2581 mobile
1465 2525 1536 2598 post

368 2620 563 2687 docemum
585 2637 642 2703 per
664 2621 797 2704 aliquod
821 2620 955 2701 planum
973 2621 1167 2687 inclinatum
1187 2622 1377 2688 rellectatur
1394 2641 1451 2705 per
1468 2625 1538 2707 pla·

372 2748 453 2797 num
476 2731 610 2815 aliquod
633 2732 773 2807 acelive,
796 2731 1000 2813 accipiamus
1023 2732 1162 2815 pradum
1184 2732 1278 2797 illum
1303 2733 1487 2799 maximum
1505 2734 1538 2797 io

369 2840 529 2907 maneam
547 2840 756 2923 acquisitum,
780 2838 866 2903 idem
884 2856 940 2920 per
957 2856 992 2903 se
1008 2844 1163 2921 perpetuo
1178 2839 1212 2905 in
1229 2838 1426 2905 ascendente
1443 2840 1539 2923 plano

367 2948 516 3023 serrari:
540 2954 689 3013 attamen
713 2949 747 3021 in
771 2964 911 3013 ascensu
932 2947 963 3010 ei
988 2948 1201 3028 supervenire
1228 2948 1413 3014 naturalem
1438 2949 1538 3013 incli-

370 3057 540 3125 nationem
562 3057 728 3133 deoraum,
742 3062 870 3121 motum
887 3072 1004 3136 nempe
1021 3072 1063 3118 ex
1079 3055 1189 3136 quiete
1206 3056 1427 3122 acceleratum
1441 3057 1537 3139 Juxta

373 3184 506 3251 semper
527 3172 698 3251 acceptam
722 3166 975 3248 proportionem.
999 3163 1093 3241 Quod
1111 3164 1138 3227 si
1156 3162 1239 3227 torte
1255 3163 1338 3228 baec
1358 3164 1539 3247 intelligere

372 3277 473 3343 luerit
494 3277 743 3352 subobscurum,
764 3274 888 3339 elarius
912 3290 969 3355 per
991 3272 1136 3354 aliquam
1160 3272 1414 3337 delineationem
1429 3271 1538 3353 expli·

372 3388 518 3454 cabitur.
587 3466 591 3473 Ι
769 3440 772 3445 .
1489 3381 1491 3384 ⁴

460 3494 666 3579 intelligatur
683 3495 805 3575 itaque,
822 3491 944 3557 lactum
961 3507 1032 3556 esse
1046 3490 1239 3556 descensum
1259 3508 1316 3573 per
1331 3489 1465 3571 manum
1481 3490 1539 3555 de·

367 3600 743 3690 circamanentes
755 3621 820 3684 quo
833 3620 889 3685 per
900 3601 991 3667 aliud
1002 3600 1129 3666 acelive
1141 3600 1192 3666 BC
1207 3601 1418 3665 continuetur
1431 3606 1538 3664 motus

369 3712 528 3788 reflexus,
542 3719 578 3779 et
599 3712 666 3778 sint
689 3714 795 3794 primo
819 3710 914 3793 plana
938 3710 1101 3791 aequalia,
1123 3716 1156 3774 et
1178 3709 1219 3773 ad
1236 3708 1389 3791 aequales
1404 3710 1541 3791 angulos

371 3839 470 3905 super
501 3822 707 3893 musonem
729 3821 788 3889 Gll
811 3821 951 3886 elevata.
975 3819 1111 3886 Constat
1129 3818 1328 3902 jam,quod
1356 3818 1476 3883 mobile
1497 3836 1539 3881 ex

375 3931 485 4013 quiete
509 3933 544 3999 in
568 3931 818 4006 Adeseendens
854 3947 911 4013 per
945 3929 1001 3994 ΑΒ
1029 3930 1150 4012 gradus
1184 3927 1326 4011 acquirit
1358 3927 1542 3992 velocitatis

372 4040 473 4123 juxta
504 4040 662 4122 temporis
684 4039 787 4121 ipsius
809 4040 1071 4104 incrementum:
1098 4037 1238 4120 gradum
1269 4037 1402 4101 veroin
1424 4035 1450 4100 lt
1472 4052 1543 4100 esse

377 4146 560 4213 maximu-
583 4147 844 4231 acquisitorum,
865 4153 898 4212 et
920 4152 1037 4230 suapte
1060 4150 1180 4211 natura
1205 4144 1456 4210 immutabiliter
1477 4145 1541 4209 im·

376 4272 536 4338 proeaum,
551 4257 691 4325 sublatis
713 4258 838 4323 scilicet
858 4257 971 4323 causis
993 4255 1243 4323 accelerationis
1270 4270 1387 4330 novae,
1410 4258 1467 4317 aut
1490 4270 1542 4315 re-

378 4361 589 4431 tardationis:
616 4365 884 4439 accelerationis,
910 4366 1062 4447 inquam,
1091 4365 1120 4429 si
1146 4363 1254 4428 adbuc
1281 4380 1377 4444 super
1408 4365 1543 4424 extensu

376 4471 478 4553 planu
500 4470 638 4539 durius
660 4473 929 4557 progrederetur3
952 4473 1185 4539 retardationis
1213 4489 1315 4547 rem,
1339 4471 1416 4536 dum
1447 4487 1543 4552 super

374 4579 512 4662 planum
528 4582 654 4648 acelive
669 4581 722 4648 BC
738 4582 782 4646 sit
800 4582 948 4647 reflexio:
966 4584 999 4647 in
1018 4580 1209 4647 borizcntali
1226 4583 1335 4642 autem
1352 4577 1410 4643 Gll
1422 4594 1544 4660 aequa·

371 4689 451 4755 bilis
473 4694 583 4759 motus
601 4691 700 4773 iuxta
725 4692 863 4776 gradum
888 4693 1075 4759 uelocitatis
1093 4710 1135 4755 ex
1159 4694 1187 4754 ll
1211 4690 1244 4753 in
1265 4688 1486 4770 ltaoquisitae
1510 4689 1542 4751 in

498 4792 627 4853 Gausro
645 4796 774 4852 Gaurani.
795 4828 828 4838 -
848 4796 880 4850 T.
899 4796 981 4851 xltl.
1426 4795 1460 4845 id
