3775 5759
360 659 426 726 208
664 676 811 723 nrsnouur
834 676 938 724 unuin
961 675 1065 724 suoru
1088 676 1213 724 surum

450 797 498 864 Sit
534 796 800 881 perpendiculum
824 796 880 862 lin
902 795 998 883 (Fre.
1021 795 1087 885 90)
1111 813 1157 861 ox·
1178 802 1299 878 punctu
1323 798 1349 861 B
1372 796 1521 859 horizon·

361 906 436 973 talis
460 907 566 972 tineae
588 905 642 973 AC
666 903 877 993 descendeus,
899 905 933 968 ln
956 922 1022 986 qua
1044 903 1277 987 aliquodlibet
1308 907 1470 985 punctum
1490 901 1522 973 C,

359 1023 393 1080 et
409 1016 443 1080 in
461 1013 693 1097 perpendiculo
710 1017 850 1096 ponatur
867 1013 1027 1079 distantia
1039 1014 1092 1081 ΕΕ
1107 1013 1255 1095 aequalis
1269 1013 1450 1078 distantiae
1466 1011 1523 1083 lic,

358 1132 393 1191 et
414 1125 556 1191 ducatur
577 1122 642 1189 Cli.
667 1121 771 1196 Dico,
795 1122 966 1202 planorum
989 1124 1139 1189 omnium
1161 1139 1205 1186 ex
1227 1127 1353 1205 punctu
1374 1121 1401 1190 G
1425 1138 1523 1203 mque

359 1235 403 1300 ad
416 1231 690 1316 perpendicnlum
714 1231 947 1296 inclinatorum
971 1232 1025 1300 GE
1041 1249 1112 1297 esse
1135 1232 1227 1308 illud,
1241 1248 1422 1315 superque
1441 1237 1523 1296 tem·

250 1373 254 1380 ·
361 1357 440 1425 pore
465 1340 613 1405 omnium
636 1339 833 1405 brevissimo
856 1339 894 1404 llt
915 1341 1092 1408 descensus
1116 1358 1217 1424 usque
1240 1342 1283 1406 ad
1307 1342 1523 1425 permodicu-

359 1452 439 1516 lnm.
460 1447 664 1514 inclinentur
685 1450 772 1512 enim
798 1464 897 1531 supra
919 1455 952 1512 et
973 1449 1060 1515 inira
1084 1449 1180 1532 plana
1197 1450 1260 1523 CF,
1277 1449 1345 1523 CG,
1371 1456 1406 1534 et
1427 1450 1524 1515 duca·

359 1566 414 1626 tur
431 1560 475 1625 lll
498 1557 661 1627 circulum
684 1556 928 1621 semidiametro
957 1557 1008 1624 ΒΕ
1032 1559 1233 1639 descriptum
1256 1562 1399 1641 ungens
1422 1559 1457 1623 ln
1480 1557 1523 1629 c.

359 1668 529 1751 quaeerit
551 1664 783 1749 perpendiculo
815 1665 1062 1747 aequidistans,
1084 1671 1117 1728 et
1140 1665 1210 1747 ipsi,
1226 1664 1278 1732 CF
1302 1663 1465 1747 parallela
1489 1664 1524 1728 rii

360 1779 441 1853 ΕΚ,
463 1792 565 1857 nsque
587 1773 630 1840 ed
651 1776 840 1856 tangentem
864 1779 1052 1856 protractu,
1076 1789 1192 1838 secam
1224 1772 1522 1838 circumferentiam

359 1885 475 1952 circuli
498 1885 533 1949 in
557 1883 597 1957 L;
619 1889 750 1949 conant
772 1889 901 1966 tempus
922 1902 1019 1950 casus
1043 1901 1100 1966 per
1123 1884 1177 1950 LE
1200 1901 1272 1950 esse
1288 1886 1432 1967 aequale
1448 1892 1523 1951 ten·

361 1994 431 2077 pori
450 2008 551 2057 casus
575 2009 631 2073 per
649 1991 715 2066 GE,
737 1992 795 2056 sed
820 2000 948 2074 tempus
972 2010 1029 2075 per
1051 1991 1111 2058 ΚΕ
1133 2000 1183 2058 est
1206 1992 1462 2077 lougius-quam
1478 2011 1524 2077 un

358 2101 427 2178 ΕΕς
450 2118 529 2185 ergo
551 2106 680 2182 tempus
703 2118 759 2182 per
781 2100 841 2165 ΚΕ
863 2100 995 2184 lougius
1016 2108 1066 2166 est
1088 2118 1189 2183 qnam
1205 2118 1263 2183 per
1280 2099 1354 2172 GE:
1372 2098 1433 2165 sud
1449 2106 1523 2167 teu·

359 2230 419 2295 nus
435 2228 499 2294 ner
522 2210 580 2275 ΚΕ
605 2212 766 2291 aequatur
790 2208 1193 2293 emendacionem
1217 2208 1284 2274 sint
1306 2211 1521 2291 aequatae

358 2321 537 2389 secundum
561 2317 698 2383 eandem
722 2317 970 2383 inclinationem
994 2318 1128 2383 ductae:
1151 2316 1305 2383 similiter
1326 2335 1406 2384 cum
1432 2316 1522 2386 GGel

359 2433 402 2498 lli
434 2432 501 2497 sint
529 2428 693 2511 amantes,
715 2431 750 2491 et
767 2427 865 2509 iuxta
888 2428 1028 2492 candem
1050 2426 1299 2492 inclinationem
1323 2426 1522 2495 inclinatae.

361 2549 510 2623 tempora
544 2537 707 2602 latiouum
732 2552 788 2618 uer
810 2536 899 2617 ipsus
920 2541 1017 2601 erunt
1038 2536 1211 2617 mqualia:
1233 2533 1291 2598 sed
1315 2539 1451 2617 ternpus
1474 2552 1520 2618 per

360 2649 417 2715 illi
440 2647 626 2714 breviorem
649 2645 721 2726 ipsa
738 2643 780 2709 lli
804 2648 853 2708 est
876 2644 1011 2709 brevius
1025 2650 1173 2725 tempore
1190 2659 1247 2726 per
1263 2643 1325 2716 [Er
1340 2660 1426 2728 ergo
1446 2651 1519 2735 ten3

358 2776 420 2842 nus
439 2773 570 2840 quoque
591 2770 649 2836 per
671 2753 725 2821 cli
744 2749 854 2837 (quod
872 2757 1032 2834 muctar
1049 2753 1186 2835 tempori
1208 2769 1264 2836 per
1280 2752 1338 2819 ΚΕ
1350 2751 1376 2839 l,
1392 2755 1517 2821 brmin

358 2868 423 2932 erit
445 2872 591 2947 tempore
614 2881 670 2946 per
692 2863 745 2929 lli.
768 2864 859 2928 Patet
880 2879 961 2945 ergo
984 2864 1198 2946 propositum.

502 3012 503 3016 Ἰ
624 3037 800 3101 Tneonenn
825 3035 902 3107 XX,
926 3037 1110 3100 Pnouosrrro
1140 3036 1255 3099 xxxi.

447 3204 485 3270 Si
508 3207 590 3271 linea
612 3214 695 3270 recta
719 3225 812 3287 snper
831 3206 1052 3269 horizontulem
1070 3204 1168 3285 inerit
1185 3213 1345 3286 atcunque
1360 3205 1518 3268 inclinatu.

357 3317 488 3398 plonnrn
510 3335 530 3378 o
553 3315 625 3379 doto
646 3324 763 3396 punctu
777 3314 812 3376 in
832 3315 1019 3378 toriwntoli
1038 3331 1137 3395 nsque
1152 3315 1194 3377 ud
1209 3313 1398 3377 inclinatam
1414 3322 1518 3376 exten·

356 3438 438 3497 snm,
461 3427 495 3485 in
517 3441 580 3504 qne
598 3423 759 3486 descensus
782 3424 815 3504 fit
841 3433 973 3503 tempore
998 3424 1139 3486 omniurn
1163 3424 1360 3497 breuissime,
1383 3433 1430 3487 est
1458 3420 1521 3485 illud

358 3529 440 3612 qnod
463 3530 610 3610 bisarium
633 3529 741 3592 dividit
763 3528 917 3610 annulum
940 3540 1123 3594 contentum
1146 3530 1308 3594 odnnbns
1322 3529 1521 3612 perpendicn-

357 3637 477 3701 turidos
499 3654 520 3699 u
542 3635 615 3700 dote
638 3645 753 3716 puncto
776 3637 924 3711 retensis,
949 3656 1015 3702 nno
1032 3638 1075 3702 ed
1094 3639 1318 3703 horizontalem
1335 3639 1465 3711 lineum,
1482 3637 1520 3698 ot·

360 3759 424 3812 trru
447 3747 489 3812 od
506 3748 700 3811 inclinatum.

447 3858 494 3921 Sit
517 3856 572 3923 cl)
596 3853 648 3940 (F
650 3858 690 3934 in.
715 3854 779 3939 91)
806 3858 891 3920 linea
911 3876 1010 3939 snpra
1027 3858 1267 3922 horizouialem
1285 3859 1339 3921 AB
1362 3865 1522 3938 utcunque

358 3964 538 4039 inclinata,
563 3967 704 4047 datoque
728 3966 760 4027 in
785 3966 978 4030 horizoniali
1002 3984 1197 4049 quocunque
1226 3974 1346 4049 puncto
1372 3971 1424 4035 Α.
1450 3967 1522 4029 edu·

357 4075 475 4133 cantur
497 4089 538 4133 ex
560 4091 599 4135 eo
624 4072 677 4138 AC
703 4073 980 4153 perpendicularis
1003 4074 1044 4137 ad
1069 4076 1134 4142 AB.
1160 4076 1216 4139 ΑΕ
1242 4092 1320 4139 vero
1352 4074 1520 4156 perpendi·

356 4175 479 4239 cularls
503 4176 545 4238 ad
568 4177 643 4247 cl),
667 4180 879 4261 clangulum
904 4181 988 4246 GAE
1012 4179 1165 4246 bilariam
1194 4183 1321 4247 dividat
1346 4181 1402 4246 ΕΑ
1428 4184 1521 4247 linea.

354 4283 450 4357 Dico,
474 4284 646 4366 planorum
669 4288 818 4352 oninium
838 4307 878 4351 ex
903 4291 1101 4370 quibuslibet
1126 4293 1255 4374 punctis
1279 4291 1386 4355 lineae
1409 4293 1469 4359 ct)
1486 4290 1521 4354 ad

355 4399 512 4476 punctum
524 4397 552 4458 A
563 4394 796 4461 inclinatorum
809 4406 981 4463 exieusum
997 4418 1053 4481 per
1066 4401 1119 4463 ΕΑ
1132 4418 1203 4465 esse
1216 4401 1310 4476 illud,
1322 4402 1355 4465 in
1367 4419 1435 4482 quo
1448 4408 1524 4464 tenr-

356 4521 433 4584 pore
456 4503 604 4569 omnium
630 4505 826 4570 brevissimo
848 4505 906 4568 liat
930 4506 1115 4573 descensus.
1140 4509 1286 4572 Ducann
1311 4508 1363 4575 FG
1388 4510 1452 4592 ipsi
1470 4507 1520 4572 llll

217 4698 221 4707 ἱ
357 4612 526 4690 parallelo,
548 4619 645 4677 erunt
668 4615 779 4695 anguli
804 4614 898 4691 Gis,
923 4616 1004 4682 ΕΛΕ
1028 4620 1188 4682 coalterni
1214 4621 1383 4699 aequales:
1399 4627 1450 4685 est
1467 4637 1522 4684 au·

358 4725 423 4781 tem
449 4723 531 4786 ΕΛΚ
555 4724 616 4804 ipsi
643 4723 724 4789 lli}
748 4725 911 4804 aequalis:
935 4745 1015 4807 ergo
1039 4729 1195 4809 trianguli
1234 4730 1336 4794 latera
1371 4731 1447 4801 l'G.
1470 4730 1521 4795 Gt
