3775 5759
788 672 939 747 crunnum
964 674 1073 719 aaran.
1444 658 1508 721 anti

353 794 500 877 aequalia
524 797 630 857 erunt.
655 792 688 857 Si
710 793 820 872 itaque
840 798 955 857 centro
977 792 1006 859 G
1027 793 1203 856 intervallo
1224 793 1278 858 Gn
1296 794 1439 857 circulus
1454 794 1512 857 dr·-

353 905 526 974 scribatur.
548 903 700 967 tramittit
724 919 781 982 per
799 902 833 975 F,
850 907 883 965 et
905 902 1141 967 horizontalem
1165 909 1197 965 ct
1218 902 1407 966 inclinatam
1437 909 1512 967 tan·

353 1016 408 1095 get
432 1010 465 1073 iu
489 1008 619 1090 punctis
643 1009 711 1073 AF:
733 1014 782 1072 eet
805 1010 893 1073 enim
916 1010 1058 1092 angulus
1080 1010 1159 1076 GFC
1194 1016 1324 1083 rectus,
1346 1028 1422 1074 cum
1457 1010 1511 1076 Gl'

353 1120 415 1203 iqui
439 1118 496 1185 ΑΕ
519 1119 563 1184 ait
584 1117 818 1199 aequidistans:
842 1135 885 1182 ex
900 1134 966 1198 quo
988 1123 1125 1187 constat.
1149 1118 1252 1182 lineae
1274 1134 1388 1182 omnes
1413 1136 1512 1198 usquo

353 1226 397 1291 arf
420 1227 611 1291 inclinatam
635 1241 677 1289 ex
700 1232 822 1306 puncto
845 1229 872 1287 n
897 1225 1071 1306 productae
1101 1231 1195 1289 extra
1214 1225 1511 1291 circumferentiam

355 1338 513 1413 extendi,
532 1344 567 1407 et
585 1337 675 1419 ‚quod
696 1352 898 1417 consequeus
920 1342 992 1410 ert,
1016 1337 1153 1400 tationes
1176 1354 1233 1417 per
1255 1339 1342 1417 ipsas
1378 1338 1513 1417 longiori

355 1454 504 1529 tempore
525 1446 653 1511 absolvi
673 1462 774 1525 quam
798 1462 855 1525 per
877 1445 940 1508 ln.
965 1442 1060 1521 Quod
1083 1449 1153 1507 erat
1176 1444 1477 1508 demonstrandum.

747 1593 761 1621 '¹
813 1603 819 1611 ’
881 1629 999 1673 nunna.

449 1766 486 1835 Sr'
517 1770 581 1835 rfuc
613 1768 723 1835 circuli
755 1786 786 1832 re
821 1786 852 1832 re
885 1770 973 1831 intua
997 1772 1203 1849 continuant.
1227 1788 1361 1853 quorum
1385 1773 1519 1835 interio-

359 1877 600 1963 conqueritur
623 1878 705 1942 linea
725 1886 813 1941 rectu
835 1879 1008 1957 continuat.
1030 1882 1217 1943 exteriorem
1246 1898 1324 1961 uero
1345 1889 1435 1955 reret,
1458 1891 1520 1944 trer

360 1992 463 2055 linecr
483 2008 505 2055 u
524 1998 671 2055 contactu
691 1989 879 2053 circatorum
902 1987 945 2052 orl
968 1990 1030 2053 triu
1051 2001 1171 2070 punctu
1197 1999 1299 2053 rectae
1322 1991 1420 2055 linoae
1449 2001 1522 2055 tun-

360 2101 490 2181 amau,
511 2118 616 2183 mnne
637 2099 679 2163 art
700 2108 880 2163 contactum
901 2099 1061 2163 interioria
1082 2098 1191 2161 circuli
1204 2146 1212 2172 ‚
1247 2108 1276 2161 et
1310 2100 1522 2163 adsertiones

362 2208 531 2273 exteriori·
551 2214 745 2289 protractae,
762 2206 894 2287 unqufor
924 2208 958 2269 in
988 2214 1135 2270 contactu
1160 2207 1349 2271 circulorum
1379 2208 1523 2289 urqunlrs

360 2300 587 2383 continebunt.¹

413 2452 418 2461 ¹
450 2428 604 2507 l'auqaut
625 2442 660 2491 aa
683 2427 771 2489 intua
786 2428 819 2489 iu
839 2432 960 2506 puncto
978 2427 1005 2486 Α
1025 2422 1197 2507 (Finita)
1216 2425 1420 2497 concirent,
1436 2442 1521 2504 qoo-

361 2552 438 2601 rum
459 2538 585 2607 centra,
607 2534 637 2597 u
656 2534 803 2605 minoris,
825 2532 850 2599 C
870 2532 1024 2614 majoris:
1048 2532 1238 2596 interiorem
1262 2548 1341 2595 vcro
1363 2532 1525 2595 circulum

364 2642 535 2725 contingat
556 2644 646 2705 rectu
669 2640 832 2721 quaelibet
852 2640 940 2703 linea
963 2639 1018 2705 lu
1040 2640 1073 2704 in
1098 2645 1218 2720 puncto
1234 2640 1274 2713 ti,
1288 2640 1447 2721 majorem
1465 2656 1526 2702 au·

367 2754 435 2815 teni
458 2754 547 2813 tacet
569 2749 602 2813 in
624 2748 755 2829 punctio
777 2750 825 2823 F,
846 2740 897 2825 θ’,
918 2755 952 2813 et
974 2754 1211 2814 connectantur
1235 2755 1300 2813 tres
1323 2749 1429 2813 flneae
1452 2750 1528 2818 nl.

366 2858 448 2933 nii,
470 2856 539 2924 AG.
555 2856 667 2930 ilico,
687 2857 826 2939 anguina
848 2859 891 2923 ab
917 2857 986 2923 illia
1018 2863 1188 2923 contentos
1217 2858 1325 2933 fnit,
1346 2857 1435 2925 (inii
1459 2876 1529 2923 erse

364 2963 531 3047 aequatae,
553 2962 759 3028 Extendatur
788 2966 847 3029 nil
871 2982 974 3046 usquc
1002 2964 1045 3028 ad
1068 2963 1369 3029 circumferentiam
1393 2969 1426 3029 in
1451 2968 1475 3039 l,
1497 2972 1529 3029 rt

367 3090 412 3137 ex
433 3072 557 3137 ceutria
581 3072 802 3153 moderamur
825 3073 892 3142 itit.
914 3074 965 3142 Cf.
982 3077 1015 3136 et
1035 3073 1224 3153 pereanem
1242 3078 1355 3135 centra
1373 3075 1473 3137 ducta
1488 3076 1529 3137 sit

369 3180 439 3255 BC,
461 3198 544 3263 quae
565 3188 700 3247 extensa
722 3182 819 3247 cadet
833 3184 867 3246 in
882 3188 1073 3248 contactum
1092 3184 1120 3245 Α
1140 3185 1173 3243 et
1196 3182 1230 3243 in
1248 3179 1530 3246 circumferentias

368 3288 576 3353 circulorum
593 3292 627 3353 in
650 3288 680 3355 0
702 3296 734 3353 et
755 3290 796 3355 li.
819 3289 862 3355 Et
885 3290 962 3373 quia
996 3291 1106 3373 anguli
1143 3289 1233 3364 tcN,
1258 3288 1343 3354 HBO
1378 3293 1531 3372 aequales

369 3403 470 3475 aunt,
491 3412 568 3473 cum
589 3399 726 3479 quilibet
747 3399 893 3481 ipsorum
924 3399 1043 3480 duplus
1065 3400 1108 3463 ait
1130 3399 1243 3481 anguli
1266 3399 1349 3473 inti,
1372 3406 1469 3462 eruut
1490 3396 1533 3461 li-

367 3522 453 3573 neae
474 3505 542 3579 itit,
558 3504 600 3573 ut
621 3506 806 3587 parallelae.
829 3507 976 3587 Cumque
997 3506 1055 3571 liii
1077 3524 1120 3570 ex
1141 3512 1255 3571 centro
1277 3508 1318 3570 ml
1342 3511 1530 3571 contactum

369 3616 415 3681 eit
437 3613 716 3698 perpendicularis
739 3615 781 3679 ad
805 3616 870 3687 FG.
891 3617 954 3680 crit
977 3632 1106 3696 quoqne
1127 3615 1170 3679 ad
1191 3616 1329 3680 eandem
1362 3616 1533 3696 perpendi-

371 3722 498 3791 cularis
520 3722 572 3799 ct,
593 3730 628 3789 et
649 3742 747 3789 arcus
770 3725 809 3789 ll
830 3727 921 3789 arcui
943 3723 987 3791 li}
1008 3724 1165 3806 aequalis,
1184 3731 1217 3788 et
1231 3724 1318 3804 quod
1332 3739 1534 3804 consequens

371 3840 434 3910 eat,
454 3834 596 3915 anquina
619 3833 687 3898 lat
710 3834 833 3914 angulo
855 3832 936 3897 lnG.
960 3833 1054 3909 Quot
1076 3838 1147 3894 erat
1168 3830 1414 3895 ostendendum.

517 4092 528 4099 ι
626 3999 802 4062 fanonem
829 3996 924 4068 xxi,
947 3996 1132 4059 l’aonoarmo
1157 3989 1284 4057 xxxii.

464 4154 504 4223 Si
524 4160 559 4225 tu
579 4158 742 4223 turono
758 4165 930 4221 aumcntur
952 4154 1013 4220 duc
1024 4162 1161 4235 punctu*
1176 4161 1204 4215 rt
1220 4152 1260 4215 cfr
1277 4151 1379 4215 altero·
1389 4152 1530 4233 incorum

374 4264 527 4347 quaeum
546 4264 760 4339 turoneum
782 4266 918 4329 alterum
940 4262 1121 4335 inclinetur,
1144 4280 1185 4327 ru
1207 4280 1270 4343 quc
1292 4260 1334 4325 cd
1352 4261 1535 4324 incinctum

373 4380 463 4437 rura
482 4372 566 4439 tua
585 4374 732 4447 rimatur,
754 4392 796 4439 cn
817 4392 855 4437 cu
873 4383 997 4456 purtem
1019 4371 1204 4437 abscindens
1222 4370 1384 4450 aequulem
1402 4370 1442 4442 ri,
1455 4385 1536 4449 quur

373 4481 598 4563 infer-utrumn
620 4483 789 4547 urucam
813 4482 1021 4563 intercipitur.
1045 4497 1138 4544 cucur
1158 4494 1215 4559 prr
1236 4479 1317 4540 tunc
1340 4476 1466 4539 ductum
1489 4477 1536 4536 ci-

375 4590 442 4653 tiua
474 4589 670 4664 utonem,
694 4608 791 4674 quum
820 4609 878 4671 per
911 4606 1116 4671 quoacunque
1139 4587 1218 4650 aliur
1248 4593 1347 4646 rector
1372 4601 1413 4647 ec
1435 4581 1538 4647 eodem

371 4706 493 4780 punctu
512 4698 556 4763 uf
577 4698 707 4765 cundem
728 4698 914 4763 inclinatam
932 4705 1121 4778 protractus.
1149 4692 1189 4757 fn
1211 4692 1281 4755 offla
1308 4700 1434 4763 autem,
1459 4709 1538 4774 quor

501 4802 628 4859 Gaurano
643 4804 770 4859 flauam.
790 4834 821 4845 -
841 4803 872 4857 T.
894 4801 974 4857 lllll.
1386 4798 1417 4847 Ξῖ
