3775 5759
377 628 437 692 llll
675 647 819 693 nunnoni
845 645 946 691 nunna
971 644 1073 691 nuova
1099 643 1224 691 scrsrzu

372 767 411 829 ad
438 767 474 837 ll,
497 773 528 830 et
554 768 579 831 E
602 767 644 831 nd
667 771 717 838 (ἧς
737 770 822 831 ratio
844 774 955 833 autem
973 768 997 832 ll
1014 767 1054 830 ad
1073 768 1099 832 l}
1116 770 1220 848 posita
1240 772 1287 831 est
1305 766 1424 830 eadem
1448 782 1521 828 cum

371 876 496 939 ratione
518 879 616 957 spatii
641 880 666 941 l'
691 878 733 940 ad
756 879 900 956 spatium
924 879 972 949 Τ;
997 877 1083 939 ratio
1104 892 1184 939 vero
1207 875 1234 937 E
1263 874 1306 937 ad
1336 872 1366 939 G
1392 878 1444 936 est
1472 889 1525 934 ea·

370 983 442 1045 dem
468 1001 545 1047 curn
571 986 698 1048 ratione
719 985 747 1047 R
772 986 814 1047 ad
837 984 880 1056 S:
902 1002 983 1065 ergo
1007 988 1095 1064 patet
1120 982 1334 1064 propositum.

457 1147 551 1211 Sur.
574 1131 707 1227 Questo‚
723 1149 782 1211 clio
799 1149 953 1213 abbiamo
965 1148 1100 1222 reduto,
1116 1144 1274 1229 equanto
1290 1148 1313 1212 il
1325 1153 1443 1212 nostro
1457 1152 1524 1212 rtu-

369 1262 437 1318 tore
461 1254 503 1316 lna
527 1254 642 1317 scritto
665 1254 715 1318 det
744 1263 833 1320 moto
858 1256 1020 1337 equabile.
1050 1257 1241 1320 Passeremo
1264 1254 1400 1337 dunque
1426 1272 1446 1319 a
1470 1256 1525 1337 piu

366 1362 475 1426 sottile
498 1381 516 1423 e
539 1380 650 1426 nuova
672 1364 951 1444 contemplatione
973 1364 1105 1429 intorno
1124 1364 1156 1426 al
1174 1370 1263 1428 moto
1282 1364 1527 1429 naturalmente

368 1470 561 1546 accelerato,
584 1471 683 1553 quale
705 1467 724 1533 ὁ
745 1471 855 1552 quello
872 1470 933 1535 che
954 1472 1197 1554 generalmente
1224 1469 1243 1534 d
1271 1471 1451 1535 esereitato
1474 1470 1526 1534 dai

367 1578 478 1643 mobili
506 1581 599 1662 gravi
624 1577 841 1652 discendenti,
865 1581 905 1643 ed
929 1598 1008 1643 ecco
1033 1581 1055 1643 il
1080 1582 1173 1644 titolo
1191 1598 1209 1641 e
1229 1579 1502 1644 l'introduzione.

799 1776 898 1826 arnna
916 1775 1100 1827 sacunuus.
1138 1810 1142 1817 .

529 1924 582 1989 DE
607 1922 726 1989 Moru
752 1921 1052 1987 Nartinatnrutr
1079 1918 1371 1987 sucularum.

454 2098 548 2174 Quae
570 2096 605 2157 in
628 2098 719 2157 motu
744 2088 906 2170 aequabili
931 2091 1127 2170 contingunt
1149 2086 1348 2158 accidentia,
1373 2087 1408 2150 iu
1436 2103 1527 2169 prae·

332 2190 489 2268 ¹cedenti
525 2205 609 2269 libro
642 2188 850 2265 consideratu
884 2208 982 2263 sunt:
1018 2200 1115 2263 modo
1150 2200 1190 2263 de
1221 2204 1311 2264 motu
1342 2200 1526 2265 accelerato

365 2312 582 2378 tractandum.
618 2310 659 2374 Et
683 2310 802 2389 primo,
834 2306 1057 2371 definitionem
1091 2308 1144 2383 ei,
1167 2325 1234 2388 quo
1257 2309 1363 2373 utitur
1386 2316 1527 2384 natura,

365 2423 513 2501 apprime
536 2421 772 2499 congruentem
795 2415 1012 2513 investigare,
1043 2420 1142 2494 atque
1175 2413 1341 2494 explicare
1363 2416 1527 2480 'convenit

364 2528 525 2605 Quamvis
539 2527 628 2588 enim
643 2522 789 2603 aliquam
809 2523 941 2585 lationis
957 2523 1099 2604 speciem
1116 2538 1157 2585 ex
1174 2521 1312 2589 arbitrio
1329 2522 1528 2606 contingere,

362 2645 393 2699 et
417 2641 652 2715 consequentes
673 2632 745 2714 ejus
765 2632 930 2712 passiones
953 2631 1169 2713 contemplari
1184 2679 1193 2708 ,
1208 2648 1283 2720 neg
1306 2632 1348 2694 stt
1370 2632 1528 2696 inconve-

364 2747 456 2808 niens
479 2742 548 2826 (ita
572 2745 658 2804 enim
682 2743 738 2821 qui
764 2741 892 2805 Helicae
911 2748 969 2804 aut
986 2741 1189 2807 Conctroides
1208 2741 1311 2804 lineas
1325 2758 1368 2804 ex
1384 2743 1527 2807 molibus

363 2852 561 2933 quibusdam
585 2857 728 2921 exortas,
752 2850 829 2912 licet
853 2850 975 2913 talibus
998 2866 1062 2913 non
1087 2856 1202 2915 utatm
1225 2856 1360 2924 natura,
1378 2849 1445 2915 sibi
1470 2849 1529 2913 tiu·

242 3000 246 3009 =
365 2966 496 3033 xerunt,
507 2976 623 3023 earum
639 2965 861 3041 symptomata
874 2975 916 3020 ex
932 2960 1157 3040 suppositione
1171 2960 1443 3023 demonstrarunt
1453 2975 1528 3022 cum

363 3073 492 3159 laude),
517 3082 625 3139 tamen
648 3073 914 3155 quandoquidem
938 3074 1082 3153 qrradam
1103 3074 1351 3137 acceleratiouis
1371 3074 1482 3153 specie
1496 3074 1527 3135 in

361 3187 427 3246 suis
461 3184 658 3264 quibusdam
694 3185 859 3257 motibus,
889 3183 1043 3263 gravium
1073 3182 1200 3243 scilieet
1238 3179 1528 3255 descendentium,

362 3295 465 3354 utitur
489 3300 630 3363 natura,
660 3292 838 3354 eorundem
864 3291 1028 3369 speculari
1056 3290 1221 3369 passiones
1246 3289 1481 3365 decrevimus,
1503 3289 1527 3352 si

360 3418 431 3460 eam
455 3416 555 3477 quam
580 3399 711 3459 allaturi
737 3412 851 3457 sumus
875 3396 916 3456 de
942 3404 1054 3458 nostro
1079 3405 1168 3458 motu
1193 3396 1377 3459 accelerato
1412 3395 1528 3459 defini·

362 3506 481 3565 tionem
516 3523 592 3564 cunr
626 3505 768 3565 essentia
793 3509 902 3564 motus
927 3504 1123 3567 naturaliter
1147 3506 1322 3568 accelerati
1345 3522 1527 3587 congruere

361 3611 546 3690 contigerit.
581 3609 677 3685 Quod
715 3608 846 3671 tandem
881 3616 954 3688 post
989 3611 1164 3674 diuturnas
1190 3613 1307 3674 mentis
1330 3613 1527 3693 agitationes

362 3718 530 3799 reperiisse
547 3715 757 3790 confidimus,
772 3734 811 3779 ea
829 3719 1035 3798 potissimum
1061 3719 1151 3781 ducti
1177 3721 1314 3794 ratione,
1336 3720 1415 3800 quia
1439 3736 1528 3802 sym·

315 3800 319 3816 ⁸
361 3829 515 3906 ptornatis
550 3827 702 3905 deinceps
726 3843 744 3887 a
769 3827 861 3889 nobis
885 3811 1115 3891 demonstratis
1139 3830 1286 3909 apprime
1310 3832 1528 3910 respondere,

359 3945 456 4014 atque
488 3951 669 4015 congruere
700 3933 854 3997 videntur
886 3953 946 4007 oa,
980 3954 1064 4015 quae
1098 3937 1263 3999 naturalia
1294 3937 1526 4017 experimenta

359 4046 467 4106 sensui
507 4051 763 4123 repraesentant.
806 4045 973 4107 Postremo
1007 4045 1049 4106 ad
1088 4046 1377 4128 investigationem
1416 4054 1529 4111 motus

360 4154 554 4216 naturaliter
578 4152 751 4216 accelerati
769 4171 827 4216 nos
843 4158 935 4234 quasi
955 4174 1055 4219 manu
1075 4156 1168 4218 duxit
1185 4157 1430 4220 animadversio
1449 4174 1529 4221 con·

358 4261 552 4331 suetudinis,
575 4266 674 4339 atque
696 4263 837 4324 instituti
864 4263 1035 4342 ipsiusmet
1062 4271 1199 4327 naturae
1238 4265 1270 4327 in
1307 4267 1426 4330 ceteris
1458 4268 1528 4331 suis

355 4372 508 4452 operibus
531 4372 704 4443 omnibus;
730 4374 761 4434 in
785 4373 904 4451 qrrihus
925 4378 1109 4448 exercendis,
1134 4377 1181 4437 uti
1207 4378 1381 4439 consuerit
1407 4377 1527 4441 mediis

358 4483 482 4560 primis,
500 4482 764 4562 simplicissimis,
786 4481 968 4545 facillimis:
994 4486 1158 4548 neminem
1174 4488 1263 4550 enirn
1282 4502 1353 4549 esse
1372 4486 1527 4555 arbitror.

356 4592 411 4667 qui
436 4591 548 4653 credat
572 4598 742 4659 natatum,
778 4597 837 4653 aut
874 4594 1020 4656 volatum
1046 4595 1267 4675 simpliciori,
1295 4602 1353 4658 aut
1384 4596 1525 4660 iaciliori

359 4697 455 4758 modo
484 4703 629 4763 exerceri
655 4718 758 4782 posse,
781 4717 880 4780 quarn
906 4703 1136 4782 seipsoque
1162 4704 1265 4783 pisces
1299 4712 1330 4765 ct
1367 4722 1445 4767 aves
1474 4707 1528 4767 iu·
