3775 5759
358 666 423 730 200
558 739 560 742 Α
660 681 808 729 orscoonr
831 682 934 730 nutnn
957 678 1061 731 uuovn
1084 683 1210 732 sernum

356 805 592 871 borinontalem
622 823 680 888 per
701 805 726 872 C
751 806 957 888 productam.
980 806 1123 888 indeque
1145 806 1300 888 colligere
1330 820 1524 887 possumus,

357 912 453 994 quod
476 913 504 977 sl
527 913 560 976 in
585 912 734 994 apposita
758 912 865 996 ligura
889 918 962 996 post
984 913 1178 978 descensum
1200 931 1257 996 per
1275 914 1416 996 planum
1431 912 1525 976 incli·

358 1029 472 1087 natum
498 1023 553 1088 AC
577 1021 636 1084 liat
660 1021 795 1086 rellexio
818 1039 875 1103 per
889 1022 1020 1086 lincam
1045 1016 1293 1094 borirontale'm,
1316 1020 1429 1103 qualis
1446 1026 1526 1083 essct

357 1131 418 1204 ct,
442 1130 596 1212 spatium,
613 1134 758 1211 tempore
776 1130 905 1212 aequali
934 1130 1074 1213 tempori
1099 1132 1273 1195 descensus
1297 1147 1357 1211 per
1382 1130 1451 1201 AG,
1474 1146 1525 1209 per

357 1238 445 1321 qood
467 1236 588 1302 mobile
611 1245 848 1319 consequenter
872 1245 1071 1313 moveretur,
1093 1242 1179 1303 esset
1201 1236 1337 1319 duplum
1358 1238 1458 1318 spatii
1476 1236 1525 1302 AC

357 1353 483 1413 exacte.
506 1345 646 1411 Videtur
667 1350 778 1411 nutem
801 1351 834 1409 et
852 1347 906 1409 bio
930 1345 1175 1412 accommodari
1192 1345 1379 1410 consimilis
1396 1345 1526 1410 ratioci-

359 1458 459 1524 natio.
485 1459 629 1538 Apparet
651 1457 738 1521 enim
758 1473 800 1519 cx
823 1472 874 1530 eo,
896 1472 974 1520 cum
992 1453 1048 1519 OE
1073 1454 1115 1520 ed
1139 1455 1193 1520 EF
1212 1453 1255 1518 sit
1273 1460 1311 1518 ut
1329 1453 1386 1517 FB
1406 1452 1450 1516 ad
1465 1453 1525 1527 EC,

360 1570 466 1652 ipsam
483 1566 534 1633 FC
552 1565 770 1630 determinare
788 1571 914 1646 tempus
932 1582 989 1646 per
1005 1562 1070 1630 CO.
1088 1563 1187 1642 Quod
1202 1563 1230 1627 si
1248 1579 1322 1644 pars
1339 1561 1526 1626 horizonta·

357 1679 399 1742 lis
417 1676 481 1749 TC,
497 1676 595 1758 dupla
614 1675 681 1747 Gli,
697 1674 806 1739 divisa
822 1674 875 1746 sit,
891 1673 1045 1739 bifariam
1067 1675 1100 1736 in
1120 1672 1147 1734 V
1166 1678 1301 1737 extensa
1316 1688 1438 1736 versus
1452 1673 1482 1737 X
1496 1672 1524 1734 io

357 1785 527 1850 inlinitum
539 1784 692 1866 elongata
704 1783 777 1856 crit,
794 1784 871 1848 dnm
886 1799 1061 1847 occursum
1078 1799 1155 1847 oum
1173 1783 1330 1864 producta
1353 1782 1411 1846 ΑΕ
1430 1799 1523 1863 qnae

358 1894 416 1968 rit,
436 1898 469 1955 et
492 1892 578 1955 ratio
601 1890 729 1955 inlinite
751 1891 807 1955 ΤΧ
831 1891 874 1954 ad
897 1890 1061 1974 inlinitum
1086 1891 1145 1957 VX
1173 1891 1318 1955 nouerit
1335 1892 1455 1955 aliea
1477 1910 1523 1956 ra·

358 2002 447 2064 tione
469 1999 619 2064 infinitae
642 2000 702 2066 VX
727 1998 767 2063 ad
792 1999 958 2064 infinitam
983 1999 1050 2066 XC.

446 2109 537 2173 lstud
559 2108 645 2174 idem
670 2108 736 2172 nlla
759 2108 968 2190 aggressione
991 2107 1187 2173 concludere
1212 2107 1407 2190 poterimus,
1421 2109 1523 2172 coesi·

360 2218 438 2284 mile
462 2225 664 2284 resumentes
688 2217 900 2282 ratiocinium
919 2219 961 2287 ei.
983 2235 1048 2298 quo
1071 2218 1121 2281 usi
1144 2234 1258 2282 somus
1280 2217 1315 2281 in
1331 2217 1523 2300 propositio

357 2328 409 2394 nis
434 2327 559 2410 primae
576 2327 866 2391 demonstratione.
885 2326 1100 2390 lissumeutes
1118 2327 1206 2391 enim
1225 2326 1433 2408 triangulum
1451 2325 1522 2394 ABG

360 2435 456 2522 (rip.
479 2435 520 2501 81
535 2433 559 2521 ),
582 2437 676 2499 nobis
699 2442 947 2516 repraesentans
970 2437 1003 2499 iu
1027 2437 1099 2500 snis
1117 2437 1282 2518 parallelis
1305 2437 1377 2501 basi
1406 2436 1458 2503 BC
1476 2454 1522 2499 rc

359 2543 503 2608 locitatis
528 2543 651 2626 gradus
672 2525 829 2608 continue
847 2544 1006 2609 adauctos
1023 2545 1121 2627 juxta
1137 2546 1293 2628 temporis
1308 2547 1521 2616 incrementa,

357 2672 399 2717 cu
423 2654 556 2736 quibus,
578 2669 654 2716 cum
678 2651 829 2717 infinitae
851 2654 939 2729 sint,
963 2654 1065 2719 veluti
1092 2655 1223 2720 infinita
1246 2659 1323 2720 sunt
1347 2662 1475 2738 puncta
1495 2659 1520 2742 ir

359 2764 445 2828 linea
469 2762 535 2837 llll,
562 2764 595 2825 et
619 2763 775 2826 instantia
800 2762 834 2826 ln
857 2764 976 2844 quovis
999 2768 1155 2846 tempore,
1178 2769 1316 2846 exurget
1338 2763 1522 2847 superficies

362 2873 435 2953 ipsa
469 2870 637 2954 trianguli.
663 2870 696 2936 Si
720 2871 963 2953 intelligamus.
987 2878 1115 2936 motum
1139 2889 1197 2953 per
1223 2871 1365 2937 alterum
1403 2879 1522 2938 tantun

360 2979 516 3061 temporis
539 2980 737 3055 contionari,
760 2981 816 3045 sed
841 2999 905 3044 non
929 2976 1071 3062 amplius
1089 2989 1181 3045 motu
1200 2981 1397 3054 accelerato,
1415 2999 1521 3046 vernn

358 3090 531 3171 aequabili,
552 3091 648 3172 juxta
672 3091 854 3155 maximnm
881 3093 1020 3175 gradum
1043 3092 1228 3156 velocitatis
1251 3092 1450 3172 acquisitae,
1478 3093 1520 3173 qui

359 3200 481 3282 gradus
498 3185 761 3280 repraesentatur
777 3218 834 3280 per
851 3201 971 3264 lineam
990 3201 1055 3271 BC:
1081 3218 1123 3262 ex
1140 3201 1260 3264 talibus
1277 3201 1438 3282 gradibus
1454 3221 1522 3266 con·

360 3308 495 3373 llabitur
525 3314 739 3390 aggregatum
765 3309 936 3371 consimile
960 3310 1269 3393 parallelogrammo
1290 3309 1421 3385 ADBC,
1445 3310 1520 3393 quod

360 3417 497 3497 duplum
521 3424 571 3479 est
596 3416 749 3498 trianguli
775 3416 866 3480 nbc.
890 3418 999 3494 Quare
1022 3420 1180 3500 spatium,
1204 3420 1289 3500 quod
1314 3437 1392 3482 cnm
1419 3421 1521 3503 gradi·

360 3520 421 3582 bus
434 3522 661 3584 consimilibus
680 3531 825 3603 tempore
843 3525 957 3587 codem
974 3525 1178 3602 conficietur,
1196 3527 1332 3609 duplum
1350 3529 1415 3592 erit
1435 3529 1520 3612 spatii

360 3631 483 3710 peracti
507 3649 584 3694 eum
609 3633 764 3714 gradibus
788 3635 974 3698 velocitatis
998 3655 1017 3699 a
1043 3638 1209 3721 triangulo
1233 3637 1311 3703 ABG
1337 3655 1521 3719 repracsen-

361 3740 447 3803 tatis.
473 3742 514 3804 tt
537 3742 570 3803 in
597 3740 694 3821 plano
717 3741 912 3806 horizontali
937 3751 1045 3807 motus
1068 3752 1118 3807 cst
1133 3744 1324 3825 aequabilis,
1343 3762 1424 3807 cum
1443 3743 1521 3807 nulla

358 3844 402 3908 ibi
427 3846 469 3909 sit
493 3863 592 3909 causa
616 3847 878 3924 accelerationis,
902 3857 959 3914 aut
984 3852 1230 3927 retardationis;
1254 3869 1332 3934 crgo
1355 3852 1522 3917 concludi·

359 3959 422 4027 tur,
446 3956 589 4035 spatium
614 3956 679 4032 Cli,
703 3964 870 4037 peractum
896 3966 1042 4041 tempore
1067 3961 1196 4040 aequali
1223 3963 1359 4043 tempori
1382 3963 1451 4038 Ml,
1470 3963 1521 4025 du·

359 4060 449 4142 plum
483 4080 553 4126 csso
586 4067 683 4145 spatii
711 4065 780 4138 a&
804 4068 865 4154 boc
891 4071 978 4133 onim
1003 4075 1094 4133 motu
1122 4087 1163 4134 en
1199 4073 1307 4152 quieto
1342 4072 1522 4136 accelerato

354 4169 452 4252 juxta
470 4171 643 4252 parallelas
662 4175 819 4257 trianguli
836 4177 1028 4252 conticitum
1047 4179 1127 4243 illud
1144 4199 1223 4245 vero
1237 4182 1335 4263 juxta
1353 4182 1523 4263 parallelas

360 4279 673 4361 parallelogrammi,
696 4300 790 4362 quac,
814 4285 893 4349 dum
917 4287 1039 4352 tuerint
1062 4288 1222 4366 infinitae,
1247 4289 1365 4371 duplae
1389 4289 1522 4355 suntad

359 4389 534 4469 parallelas
559 4389 705 4454 inlinitas
730 4396 896 4476 trianguli.

449 4501 624 4564 Attendere
648 4503 781 4585 insuper
805 4505 892 4580 licet,
915 4510 1001 4588 quod
1027 4512 1210 4575 velocitatis
1234 4512 1367 4593 gradus,
1387 4515 1523 4594 quicun-

359 4625 420 4685 que
443 4610 476 4672 in
500 4612 612 4675 mobili
638 4613 829 4693 reperiatur,
854 4621 902 4679 est
927 4619 959 4680 in
984 4618 1042 4681 illo
1066 4624 1181 4700 suapte
1206 4627 1322 4683 natura
1343 4621 1524 4685 indelebili-

361 4721 408 4776 ter
433 4718 620 4799 impressus.
646 4723 722 4785 dum
746 4733 901 4788 externae
925 4743 1046 4790 causac
1070 4731 1328 4804 accelerationis,
1345 4740 1401 4796 aut
1422 4739 1523 4795 rotar-
