3775 5759
355 654 421 721 272
660 671 807 720 orreoour
831 672 931 719 natae
957 672 1059 719 nuova
1083 672 1211 720 seranus

357 794 454 877 nique
480 794 600 858 anulus
624 793 684 867 ST,
706 798 854 857 centrum
879 793 1003 856 babens
1027 792 1066 860 li.
1092 798 1254 872 aequatur
1275 790 1432 872 cylindro
1458 791 1521 860 xli,

356 900 453 983 cujus
477 908 628 966 centrum
652 907 700 965 est
724 900 758 965 F.
781 899 886 983 Igitur
903 906 1054 964 centrum
1075 900 1251 983 gravitatis
1270 899 1441 963 dictarum
1462 916 1526 963 ma·

355 1012 566 1095 gnitudinum
591 1011 710 1076 libram
732 1009 860 1075 diridet
883 1011 917 1073 in
940 1009 1056 1075 eadem
1074 1009 1222 1075 ratione:
1237 1008 1428 1073 earundem
1452 1025 1527 1071 vero

355 1137 459 1185 unum
481 1129 531 1184 est
552 1126 714 1193 centrum,
737 1135 776 1183 ac
800 1124 974 1200 propterea
996 1126 1154 1200 punctum
1179 1117 1315 1200 aliquod
1335 1119 1475 1199 utrique
1492 1119 1527 1181 li·

356 1229 435 1291 brae
457 1242 643 1300 commune,
664 1226 752 1306 quod
775 1225 819 1291 sit
841 1224 881 1289 Y.
905 1224 1018 1306 ltaque
1041 1225 1096 1289 FY
1121 1225 1163 1305 ap
1186 1226 1248 1301 itit
1266 1226 1330 1289 ertt
1349 1232 1387 1290 ut
1407 1226 1474 1291 ΚΥ
1493 1227 1527 1289 ad

356 1337 444 1411 YM;
467 1343 517 1401 est
539 1352 618 1417 ergo
641 1334 696 1398 FY
718 1333 819 1416 dupla
841 1333 947 1415 ipsius
964 1332 1046 1408 YK;
1065 1339 1098 1399 et
1114 1334 1223 1403 divisa
1243 1332 1297 1399 cli
1314 1332 1478 1399 bifariam
1495 1334 1524 1397 in

357 1444 402 1521 Z,
425 1445 487 1508 erit
511 1443 560 1508 ΖΡ
582 1442 683 1523 dupla
706 1443 809 1523 ipsius
833 1442 913 1516 lll);
938 1460 980 1506 ac
1002 1449 1173 1524 propterea
1201 1441 1255 1517 zi)
1284 1442 1384 1524 tripla
1429 1443 1527 1525 ipsius

358 1552 415 1617 ΟΥ
430 1571 440 1628 ;
462 1558 572 1616 rectae
596 1566 674 1614 vero
696 1547 754 1614 ΟΟ
776 1550 874 1631 tripla
898 1557 948 1614 est
966 1549 1043 1617 cu:
1069 1552 1174 1634 maior
1190 1530 1240 1615 est
1254 1567 1335 1634 erqo
1353 1557 1449 1618 recta
1467 1553 1528 1623 bu.

344 1649 456 1743 'quam
480 1660 560 1732 DY:
584 1676 622 1723 ac
646 1665 816 1740 propterea
839 1659 869 1723 Y
891 1666 1043 1725 centrum
1067 1662 1246 1745 inscriptae
1270 1662 1379 1743 magis
1404 1663 1451 1731 ad
1475 1666 1528 1729 ba·

356 1773 420 1836 siin
441 1772 586 1841 accedit,
607 1770 709 1850 quam
733 1775 893 1850 punctum
919 1767 957 1833 Ο.
984 1769 1026 1833 Ει
1052 1771 1154 1851 quia,
1177 1775 1214 1834 ut
1237 1768 1292 1836 (ll)
1315 1770 1359 1834 ad
1384 1769 1460 1845 ΟΟ,
1489 1773 1528 1836 ita

357 1887 407 1945 est
430 1880 579 1944 ablatum
602 1877 655 1941 ΖΟ
670 1876 717 1939 ‘ad
739 1875 887 1941 ablatum
912 1875 990 1950 ΟΥ;
1016 1878 1080 1941 erit
1102 1877 1323 1961 etreliquum
1342 1876 1396 1944 ΟΖ
1415 1880 1462 1943 ad
1481 1896 1528 1945 re·

359 1989 487 2070 liquum
509 1986 580 2061 ΥΟ,
603 1993 639 2051 ut
662 1985 717 2054 uu
740 1986 782 2051 ad
805 1985 883 2060 ⁰03
908 2004 1024 2070 nempe
1049 1987 1107 2054 ΥΟ
1130 1987 1227 2052 tertia
1252 2004 1328 2069 pars
1346 1988 1414 2052 erit
1432 1990 1528 2071 ipsius

360 2099 432 2169 ΟΖ,
456 2098 518 2163 boc
541 2104 591 2163 est
615 2114 690 2179 pars
713 2102 807 2161 sexta
822 2098 926 2179 ipsius
944 2097 1009 2164 GE.
1025 2096 1150 2161 Eadem
1170 2113 1305 2179 prorsus
1323 2096 1462 2161 ratione
1479 2096 1529 2161 tls·

359 2209 625 2282 monstrabimus,
646 2206 815 2290 cylindros
837 2202 1260 2288 circumscriptae'flqurae
1282 2223 1356 2271 scae
1376 2207 1525 2288 aequati-

360 2326 411 2383 ter
431 2316 611 2390 excedere,
633 2322 667 2379 et
688 2331 760 2380 esse
782 2318 939 2381 excessui
963 2316 1117 2397 aequales
1141 2315 1302 2389 minimo,
1319 2323 1355 2379 et
1379 2317 1526 2398 ipsorum

359 2431 471 2493 centra
492 2425 695 2507 gravitatum
718 2426 752 2487 in
776 2422 943 2489 distantiis
978 2423 1172 2504 aequalibus
1196 2423 1300 2486 librae
1324 2422 1382 2488 KZ
1408 2426 1528 2489 cunsti-

359 2541 442 2609 tuta,
463 2541 497 2598 et
521 2531 643 2613 pariter
664 2532 782 2595 anulos
804 2531 922 2597 iisdem
939 2532 1099 2614 cylindris
1121 2531 1277 2612 aequales
1301 2531 1463 2597 similiter
1480 2533 1526 2597 di-

360 2643 453 2727 eponi
488 2643 521 2705 in
556 2641 660 2704 altera
690 2641 774 2706 libra
802 2639 862 2707 itu
886 2642 990 2722 ipsius
1014 2640 1071 2707 KZ
1094 2640 1254 2711 dimidia.
1282 2657 1322 2705 ac
1359 2648 1527 2725 proptem

359 2752 631 2832 circumscriptae
655 2751 830 2833 gravitatis
854 2757 1019 2825 centrum,
1040 2752 1129 2830 quod
1152 2751 1195 2814 sil
1218 2751 1258 2824 li,
1281 2749 1386 2817 llbras
1410 2750 1457 2815 itu
1480 2750 1528 2815 di·

362 2861 497 2935 ridere,
523 2866 560 2923 ut
584 2859 636 2923 zit
660 2859 701 2924 ad
724 2859 785 2925 llll
807 2859 851 2923 sit
875 2865 912 2923 ut
935 2859 996 2925 lili
1019 2858 1060 2922 ad
1084 2858 1151 2926 liG.
1175 2858 1244 2925 Erit
1263 2875 1345 2941 ergo
1361 2859 1412 2926 ΖΒ
1430 2860 1528 2942 dupla

361 2971 466 3051 ipsius
489 2970 563 3044 itio
587 2967 638 3034 ΟΖ
664 2987 742 3033 vero
776 2975 886 3032 rectae
914 2968 974 3034 llll
997 2969 1144 3049 aequalis
1166 2976 1237 3043 est,
1260 2975 1294 3032 et
1317 2988 1384 3035 noa
1406 2970 1526 3052 dupla:

361 3079 424 3142 erit
449 3085 514 3142 tota
540 3078 594 3143 Cb
619 3079 725 3141 minor
755 3097 854 3159 quam
881 3079 977 3159 tripla
1004 3079 1105 3158 ipsius
1130 3079 1210 3151 titt;
1233 3096 1337 3159 quare
1361 3086 1452 3144 recta
1475 3081 1526 3145 uit

364 3189 469 3270 major
492 3195 541 3252 est
565 3206 665 3268 quam
690 3189 768 3262 bo,
792 3190 916 3252 scilicet
944 3194 1095 3252 centrum
1120 3189 1395 3268 circumscriptae
1422 3208 1441 3253 a
1464 3191 1527 3254 basi

362 3299 467 3379 magis
491 3300 613 3362 recedit
631 3315 732 3378 quam
756 3307 913 3378 punctum
938 3299 976 3362 Ο,
998 3300 1040 3361 Ει
1055 3299 1133 3379 quia
1151 3297 1205 3362 ΖΙ(
1224 3298 1319 3381 tripla
1337 3307 1387 3364 est
1404 3302 1450 3366 ad
1464 3303 1527 3370 lili.

362 3414 394 3469 et
416 3407 474 3469 lili
499 3425 577 3469 cum
601 3407 730 3470 duabus
754 3407 802 3471 ΖΟ
830 3407 926 3487 tripla
951 3409 993 3469 arl
1017 3408 1091 3480 lili:
1116 3410 1178 3472 erit
1208 3416 1275 3473 tota
1299 3409 1356 3475 Cl)
1380 3431 1461 3478 curn
1484 3412 1526 3477 ΟΖ

362 3512 460 3596 tripla
483 3514 585 3592 ipsius
609 3514 679 3583 bu;
704 3522 752 3577 est
775 3523 885 3579 autern
910 3515 965 3581 cu
989 3518 1085 3598 tripla
1110 3518 1152 3581 ad
1177 3519 1253 3592 ΟΟ,
1276 3537 1380 3600 quare
1406 3524 1525 3605 reliqua

363 3620 413 3685 tiz
438 3621 581 3701 reliquae
608 3623 662 3687 ao
687 3624 783 3705 tripla
806 3626 882 3693 orit:
907 3627 1034 3689 scilicet
1056 3626 1113 3691 tiit
1137 3636 1231 3692 sexta
1257 3645 1331 3709 pars
1356 3637 1408 3694 est
1434 3634 1528 3714 ipsius

365 3728 428 3795 EC.
453 3728 547 3806 Quod
572 3740 618 3791 est
646 3735 858 3811 propositum.

819 3906 1004 3972 Parinosrrro
1029 3909 1079 3973 lll.

454 4068 511 4132 His
534 4084 640 4135 autem
659 4077 969 4155 praedamnamur,
986 4078 1232 4155 demonstratur,
1251 4088 1395 4145 centrum
1421 4085 1529 4164 pruri-

364 4179 435 4240 tatis
468 4180 639 4258 parabolici
663 4185 799 4248 concidis
823 4204 914 4249 anem
939 4189 983 4250 tta
1007 4186 1156 4260 diuidere.
1173 4200 1207 4254 ot
1219 4208 1294 4272 pars
1318 4192 1360 4254 od
1383 4197 1528 4260 verticem

361 4286 484 4368 aliquae
506 4286 547 4350 ad
571 4290 669 4351 basim
691 4294 732 4354 sit
756 4294 862 4376 (tripla.

451 4395 528 4459 Esto
558 4398 783 4475 parabolicum
818 4404 991 4467 conoidale
1016 4402 1106 4488 (Fiq.
1136 4405 1232 4491 130).
1257 4408 1354 4489 cujus
1379 4411 1456 4474 axis
1490 4412 1528 4471 sit

362 4505 415 4567 ,tit
439 4505 566 4569 divisus
590 4507 622 4570 in
648 4507 698 4581 N,
722 4510 767 4572 ita
792 4519 827 4574 ut
852 4513 908 4576 ΑΝ
934 4512 1037 4593 ipsius
1061 4515 1179 4580 illisit
1204 4516 1313 4596 dupla.
1343 4514 1528 4582 Ostenden-

361 4616 438 4679 dum
459 4627 520 4693 est,
537 4626 688 4683 centrum
706 4623 881 4703 gravitatis
897 4624 1046 4686 concidis
1068 4641 1137 4687 esse
1154 4624 1181 4687 N
1200 4632 1375 4705 punctum
1396 4629 1424 4691 si
1443 4628 1527 4689 enim

365 4741 427 4785 urin
452 4733 497 4787 ιιι
523 4727 560 4795 N,
586 4735 643 4790 arrt
667 4728 751 4791 inira
776 4731 894 4810 ipsum,
919 4739 975 4793 aut
994 4749 1091 4811 supra
1110 4733 1216 4812 ipsum
1233 4735 1304 4795 erit.
1324 4733 1371 4799 Sit
1389 4736 1527 4815 primum
