3775 5759
387 697 452 764 238
694 713 840 761 otltoout
864 714 965 761 nullu
989 714 1091 761 nuova
1115 716 1241 763 souma

378 832 504 898 avendo
526 836 581 899 uoi
605 851 661 915 per
689 832 719 895 le
736 832 879 896 dottriue
896 833 1139 898 astionomiclte
1153 834 1240 897 assai
1256 837 1468 914 oompeteute
1484 850 1543 895 uo·

378 945 456 1008 lizia
477 943 562 1008 delle
583 941 762 1025 grandense
785 943 869 1023 degli
892 942 963 1006 orbi
987 961 1006 1006 e
1028 943 1081 1009 dei
1105 945 1272 1027 piauetl,e
1290 930 1376 1009 delle
1391 945 1542 1009 distante

377 1052 447 1115 loro
470 1052 523 1116 dal
546 1054 660 1115 centro
689 1042 820 1115 intorno
842 1051 873 1114 al
896 1051 994 1133 quale
1016 1053 1043 1116 si
1068 1052 1266 1135 uaggirauo,
1298 1068 1396 1117 oome
1419 1069 1540 1116 anoora

377 1160 461 1224 delle
483 1160 555 1223 loro
577 1153 738 1231 velooitl‚
762 1158 903 1239 possuit
928 1159 1041 1225 nostro
1065 1164 1193 1225 autore
1217 1157 1270 1245 (al
1294 1160 1394 1241 quale
1417 1158 1442 1224 il
1463 1177 1552 1241 oon-¹

375 1277 463 1334 cetto
485 1266 654 1335 Platonico
677 1283 743 1331 non
765 1283 821 1330 era
844 1265 998 1352 asoosto)
1024 1286 1104 1333 aver
1122 1267 1261 1333 talvolta
1277 1284 1336 1348 per
1350 1285 1413 1332 sua
1430 1269 1542 1331 eurio·

375 1373 438 1442 sita
461 1381 563 1441 avuto
586 1375 735 1458 pensiero
758 1373 791 1437 di
814 1372 937 1437 andare
961 1374 1192 1458 investigando
1216 1390 1251 1438 se
1273 1374 1301 1437 si
1325 1380 1458 1455 potesse
1487 1389 1541 1438 as·

373 1501 510 1568 sepuaee
541 1501 609 1549 uua
642 1482 855 1547 determinata
879 1477 1071 1555 sublimat,
1093 1481 1182 1546 dalla
1204 1481 1301 1561 quale
1324 1481 1538 1562 parteudosi‚

374 1608 468 1656 come
489 1590 532 1653 da
555 1580 697 1655 stato'di
721 1589 852 1670 quiete,
875 1590 887 1652 i
909 1590 999 1670 eorpi
1031 1589 1082 1653 dei
1109 1589 1253 1671 piaoeti‚
1275 1604 1295 1651 e
1318 1588 1453 1653 mossisi
1486 1606 1540 1670 per

371 1699 452 1763 certi
476 1697 566 1780 ερατ]
590 1697 621 1761 di
647 1703 737 1761 moto
758 1703 844 1762 retto
867 1715 885 1761 e
907 1698 1153 1762 naturalmente
1175 1696 1372 1770 accelerato,
1396 1714 1539 1762 wover-

373 1808 470 1871 teudo
496 1808 548 1889 poi
567 1808 600 1870 la
617 1804 760 1871 velocitd
775 1807 987 1887 acquistata
979 1824 1012 1870 iu
1030 1807 1109 1870 moti
1126 1805 1283 1888 equabili,
1301 1806 1328 1869 ei
1350 1810 1539 1872 trovassoeo

371 1917 617 1998 oomispondere
641 1915 705 1981 alle
729 1916 909 1999 grandezze
932 1915 1019 1999 degli
1042 1915 1114 1980 orbi
1138 1914 1208 1978 loro
1231 1931 1249 1977 e
1272 1915 1302 1977 ai
1328 1914 1434 1994 tempi
1453 1914 1535 1978 delle

371 2025 442 2088 loro
456 2025 670 2089 revolutioui.

458 2133 552 2198 Salv
574 2133 621 2198 lli
646 2149 703 2215 par
725 2134 899 2197 sovvomre
920 2131 982 2196 olle
997 2131 1062 2214 egli
1083 2126 1138 2213 gii
1157 2129 1201 2193 mi
1220 2129 1346 2193 dioeaso
1361 2145 1452 2194 aver
1473 2146 1534 2194 une

370 2244 459 2309 volta
483 2223 563 2308 lutto
584 2243 608 2306 il
626 2250 793 2324 computo,
816 2240 857 2304 ed
879 2259 963 2306 uooo
980 2239 1143 2305 trovatolo
1157 2240 1245 2303 assai
1261 2237 1534 2302 aooouoiunte

369 2352 558 2434 rispondere
580 2350 645 2414 alle
666 2344 909 2420 osservuzioni'z
932 2365 986 2413 ma
1010 2360 1076 2412 oon
1098 2362 1219 2411 avenne
1254 2344 1371 2411 voluto
1396 2346 1535 2426 partone,

366 2459 565 2545 piudieaudo
588 2459 650 2524 olle
673 2457 702 2521 le
726 2464 839 2540 troppe
862 2452 978 2523 noviti
1000 2457 1042 2521 da
1066 2458 1112 2521 lul
1137 2460 1297 2537 adoperto,
1318 2453 1384 2518 ohe
1407 2454 1443 2520 lo
1462 2457 1533 2521 ode·

367 2587 431 2651 gno
454 2568 487 2633 di
511 2567 604 2631 molti
629 2567 672 2649 gli
695 2566 806 2630 hanno
830 2573 1032 2648 provocato,
1055 2582 1119 2630 non
1153 2563 1390 2629 uoeeudaesero
1424 2582 1533 2630 unove

367 2678 517 2742 scintille
541 2677 598 2741 lla
626 2693 661 2739 se
683 2677 804 2741 alouuo
826 2673 927 2741 averti
949 2676 1037 2740 simil
1062 2675 1246 2749 desiderio,
1278 2668 1375 2754 potul
1411 2691 1473 2755 per
1491 2670 1532 2739 'si

366 2791 470 2848 stesso
490 2802 553 2849 oon
577 2784 774 2848 lu‘dottrina
796 2782 848 2849 del
873 2789 1022 2866 presente
1050 2788 1185 2848 trattato
1208 2780 1393 2848 soddislaro
1415 2784 1450 2847 al
1474 2801 1530 2849 suo

366 2904 473 2982 gusto.
505 2898 561 2962 Ma
595 2897 791 2979 segnitiamo
825 2898 857 2959 la
890 2900 1002 2960 nostra
1031 2895 1191 2967 maleum
1219 2893 1281 2957 ohe
1307 2889 1327 2957 i
1352 2892 1390 2956 di
1421 2892 1528 2967 dimo·

365 3013 470 3070 strare
483 3027 490 3069 :

689 3182 857 3244 Pooatunm
884 3182 909 3250 l,
934 3181 1118 3243 Pnoeosnlo
1143 3180 1194 3240 tt',

457 3339 616 3416 Quomodo
638 3343 670 3402 in
695 3341 784 3402 dotoe
804 3339 970 3419 porololoe
995 3358 1014 3399 o
1035 3340 1171 3417 projecto
1198 3337 1367 3417 descriptae
1402 3341 1522 3419 punctis

362 3448 493 3526 sinpolis
517 3448 708 3526 imputasset
732 3445 994 3507 determinandus.

451 3554 499 3618 Sit
523 3553 759 3632 semiparabola
785 3551 862 3617 BEC
888 3549 982 3634 (Fip.
1009 3553 1106 3635 112),
1130 3554 1226 3636 cujus
1250 3555 1439 3635 amplitudo
1463 3557 1520 3622 ct).

361 3663 500 3727 altitudo
524 3663 585 3733 llll,
610 3680 692 3743 quae
716 3669 850 3724 extensa
876 3664 907 3724 in
932 3663 1062 3726 sublimi
1080 3670 1234 3727 occurrat
1251 3666 1401 3746 tangenti
1429 3684 1519 3746 para·

360 3771 468 3835 bolam
491 3770 578 3836 ca
569 3789 602 3834 tu
628 3775 676 3842 l,
704 3778 736 3833 et
765 3787 821 3850 per
845 3771 1002 3834 verticem
1029 3772 1051 3833 ll
1075 3772 1117 3833 sit
1140 3772 1304 3835 horizonti
1329 3779 1363 3834 et
1385 3775 1444 3839 (ΙΙ)
1467 3790 1518 3855 pa·

360 3878 473 3939 rallela
495 3879 543 3941 Bl.
568 3876 663 3955 Quod
686 3878 712 3939 si
738 3875 921 3956 amplitudo
943 3877 998 3942 ct)
1020 3880 1063 3939 sit
1086 3881 1232 3958 aequalis
1262 3881 1321 3942 toti
1352 3880 1514 3947 altitudini

361 3985 427 4058 ΒΑ
450 3987 512 4047 erit
536 3987 574 4049 Bl
598 3987 742 4067 aequalis
768 3988 819 4048 Bt
844 3993 875 4048 et
901 3987 962 4051 lli)
988 3988 1029 4050 Et
1048 3989 1074 4049 si
1095 3990 1249 4068 temporis
1264 4006 1361 4051 casus
1380 4008 1439 4070 per
1458 3993 1514 4055 llll.

359 4099 392 4155 et
427 4096 581 4156 momenti
617 4096 802 4158 velocitatis
826 4097 977 4176 acquisiti
1001 4097 1034 4158 in
1059 4096 1083 4157 ll
1110 4113 1164 4176 per
1184 4097 1375 4160 descensum
1402 4101 1513 4163 AB'ex

358 4204 468 4283 quiete
491 4204 523 4264 in
548 4207 587 4276 Α,
612 4222 769 4283 ponamus
793 4222 979 4268 mensuram
999 4223 1069 4267 esse
1087 4206 1261 4286 ipsammet
1286 4208 1361 4279 All;
1386 4207 1512 4272 eritne

360 4309 479 4393 (dupla
502 4327 618 4391 nempe
643 4309 702 4394 Bl)
727 4313 879 4393 spatium,
903 4315 988 4393 quod
1005 4333 1061 4395 per
1081 4317 1238 4396 impetum
1257 4316 1322 4387 llll,
1347 4334 1406 4398 per
1430 4318 1512 4381 llori·

358 4419 519 4481 zoldalem
535 4437 741 4495 conversum,
753 4421 902 4486 conficiet
916 4425 1029 4488 eodem
1046 4433 1202 4506 tempore.
1222 4427 1284 4491 Sed
1301 4429 1417 4493 eodem
1436 4437 1510 4493 toln·

359 4544 435 4608 pore
457 4528 577 4593 cadens
602 4548 657 4609 por
683 4529 736 4593 Bll
758 4549 798 4592 ex
823 4534 930 4611 quiete
955 4535 987 4596 in
1013 4535 1036 4596 u
1061 4536 1193 4598 coniicit
1219 4536 1427 4602 altitudinem
1452 4539 1508 4604 llll.

356 4654 436 4718 ergo
458 4641 576 4702 mobile
599 4638 720 4702 cadens
744 4658 784 4702 ex
807 4643 917 4721 quiete
942 4644 975 4704 in
1001 4648 1036 4706 Α.
1063 4663 1119 4724 per
1144 4646 1196 4707 ΑΒ
1220 4664 1419 4712 conversum
1438 4666 1506 4712 eum

357 4744 480 4826 impetu
505 4748 578 4819 All,
617 4766 671 4827 pm
706 4749 941 4814 ltorizontulem
966 4754 1099 4816 ‹tonstoit
1122 4757 1264 4834 spatium
1289 4760 1427 4837 aequale-
1452 4759 1498 4822 tlt}
