3775 5759
357 595 430 647 xlm
533 577 539 596 ⁴
833 601 1077 647 lvvnnnnmnao.

368 738 453 792 molo
474 729 510 790 ad
535 730 643 798 nnirsi,
667 730 778 808 perebo
798 731 823 789 si
846 747 1002 791 muosono
1016 731 1047 789 in
1066 748 1107 790 nn
1123 730 1229 792 islesso
1243 735 1403 792 momento
1418 727 1453 788 di
1474 736 1560 791 iem·

360 858 416 922 no,
438 860 486 903 ma
508 859 541 902 se
562 841 679 902 lossero
701 841 793 901 mossi
816 840 847 900 in
869 840 1018 901 momenti
1040 840 1154 901 diversi
1170 839 1334 901 sarebbem
1352 841 1563 905 inoommen·

367 951 509 1014 snrabili.
540 950 604 1010 Ora
631 951 816 1030 applicando
836 952 886 1010 oid
907 950 1101 1021 alienorde,
1123 953 1220 1013 ancbe
1240 959 1347 1032 quode
1368 952 1562 1014 movendnsi

367 1061 400 1122 in
420 1062 534 1121 diversi
555 1061 670 1140 tempi,
703 1061 732 1120 le
754 1061 924 1121 vibrazioni
948 1060 1017 1122 loro
1038 1060 1224 1123 verrebbem
1244 1061 1281 1122 ad
1301 1078 1404 1123 essere
1430 1061 1563 1123 innom-

368 1170 584 1242 mensnrabili‚
603 1189 621 1231 e
642 1171 831 1232 nondimeno
853 1178 971 1231 menlre
991 1170 1057 1231 sien
1079 1178 1142 1231 lese
1164 1171 1195 1231 in
1215 1187 1418 1244 consonante,
1441 1188 1562 1234 annor·

370 1282 428 1342 ebe
450 1300 512 1342 non
533 1282 559 1342 si
582 1280 725 1343 locabino
746 1288 823 1342 lulla
846 1281 985 1345 insieme.
1009 1298 1059 1341 ma
1080 1298 1143 1341 nna
1165 1297 1312 1361 appresso
1337 1279 1470 1353 Pallan,
1496 1287 1563 1343 inl·

369 1391 452 1451 lavia
474 1391 500 1451 si
523 1396 653 1451 troiano
669 1408 790 1468 sempre
808 1398 907 1452 reslar
920 1391 1101 1452 consonanti
1117 1410 1125 1460 ;
1145 1409 1163 1450 e
1184 1407 1262 1469 pure
1278 1408 1341 1451 non
1355 1391 1380 1452 si
1398 1392 1563 1454 ineundo

373 1500 461 1561 oello
480 1508 578 1562 stesso
598 1509 701 1579 lomim
722 1499 751 1560 le
774 1501 955 1573 vibrationi‚
976 1518 1037 1562 non
1059 1518 1197 1580 vongnno
1217 1502 1366 1579 giammai
1381 1501 1419 1560 ad
1441 1502 1564 1572 animi,

372 1618 485 1690 spero
504 1627 582 1672 sono
602 1611 932 1671 incommensurabili:
955 1611 1100 1690 adunque
1121 1628 1184 1673 non
1204 1612 1230 1673 si
1252 1616 1314 1690 pao
1335 1611 1470 1672 formare
1502 1628 1564 1690 per

372 1722 505 1783 assioma
537 1720 642 1780 sicnro
661 1719 770 1781 obelo
790 1722 918 1798 nogione
951 1720 1032 1780 dello
1063 1737 1259 1783 consonante
1282 1736 1379 1800 venga
1400 1719 1488 1781 dalle
1511 1721 1566 1782 vi·

376 1830 516 1890 braziooi
547 1830 834 1892 commensurabili.
864 1829 953 1891 Olim
985 1850 1003 1891 a
1035 1831 1085 1890 oid
1115 1831 1194 1891 dove
1224 1830 1246 1890 il
1277 1828 1398 1890 Galileo
1427 1829 1566 1892 anema

373 1937 433 1999 ebe
453 1955 486 1999 se
507 1937 536 1997 le
559 1938 728 2020 sibrazioni
744 1939 869 2000 -iossero
890 1939 987 2001 mollo
1008 1937 1124 2016 lnngbe
1139 1956 1157 1999 a
1173 1945 1296 1999 manera
1311 1939 1348 1998 ad
1364 1937 1477 2008 nnirsi,
1501 1955 1561 1999 an·

375 2049 494 2111 meane
514 2049 630 2112 {assero
649 2049 940 2123 commensurabili,
961 2049 1128 2110 sarebbero
1149 2049 1277 2110 bullavia
1294 2048 1482 2120 dissonanti,
1508 2067 1566 2109 vo·

378 2160 486 2238 glinno
514 2162 613 2241 qnesli
646 2161 836 2239 oppositosi‚
857 2159 916 2220 obe
936 2161 986 2219 cib
1009 2177 1070 2219 non
1092 2160 1190 2220 riesea
1213 2177 1305 2221 vero:
1332 2159 1567 2238 imperciooebie

376 2268 405 2329 ei
423 2287 501 2331 sossi
520 2269 602 2330 dolio
623 2285 815 2330 ooosonanze
836 2270 892 2329 ebe
914 2267 1019 2328 banno
1040 2268 1191 2347 maggiori
1214 2268 1395 2340 albaniani,
1424 2266 1482 2327 obe
1516 2270 1569 2330 al·

376 2396 457 2442 onne
487 2378 668 2440 dissonante
700 2395 760 2438 non
793 2380 910 2449 banno,
931 2397 949 2439 e
970 2379 1074 2458 percio
1096 2396 1158 2439 non
1179 2396 1281 2439 essere
1302 2379 1333 2439 la
1355 2376 1460 2456 regola
1486 2378 1569 2440 dala

377 2488 429 2550 del
450 2486 573 2547 Galileo
593 2497 675 2549 cesla
697 2488 733 2547 ed
758 2487 932 2549 infallibile.
953 2486 1058 2559 Quesli
1082 2488 1203 2567 pratici,
1223 2490 1280 2548 ebe
1304 2492 1334 2548 in
1362 2488 1569 2567 somiglianle

380 2603 481 2676 gaiso.
501 2615 590 2659 nome
612 2598 750 2658 tilerisee
773 2599 795 2658 il
817 2597 978 2666 ilnoellai‚
998 2616 1149 2676 opposero
1180 2598 1209 2659 al
1241 2597 1382 2673 Galileo,
1404 2615 1465 2659 non
1489 2597 1568 2660 allri

384 2709 505 2780 losoni,
522 2725 555 2766 se
572 2708 602 2767 io
623 2725 685 2768 noo
703 2708 789 2779 fallo,
812 2707 870 2768 ebe
892 2707 1060 2768 l'ranceson
1081 2707 1202 2786 lligelli
1223 2725 1318 2770 nomo
1338 2707 1421 2768 della
1442 2709 1570 2769 musica

388 2815 675 2879 inlesidoolisnimo.
694 2817 752 2875 ebe
772 2814 802 2875 la
823 2832 878 2875 soa
899 2815 1081 2876 obbiezione
1102 2817 1134 2875 in
1154 2815 1198 2875 tal
1221 2818 1359 2876 maniera
1376 2815 1570 2894 produceva.

385 2927 425 2983 be
446 2923 640 3003 wendismo,
660 2924 767 2986 dioeva
788 2924 859 3002 egli,
883 2924 913 2984 ia
933 2925 1137 3003 proportione
1157 2923 1238 2984 della
1260 2934 1337 2986 sesla
1359 2926 1491 2997 minore,
1505 2924 1573 2987 obe

383 3036 402 3093 ie
422 3031 454 3093 di
476 3039 541 3093 nilo
561 3048 578 3090 a
598 3035 731 3113 sinque,
751 3040 835 3095 oeno
854 3037 873 3096 e
892 3031 951 3094 ebe
973 3041 1090 3095 menlre
1111 3034 1141 3094 la
1162 3033 1254 3094 eorda
1276 3051 1369 3112 gravo
1390 3034 1464 3093 dara
1497 3034 1574 3095 oin·

384 3160 446 3223 qne
468 3141 649 3216 albaniani,
671 3142 792 3208 l'aenia
815 3164 854 3207 ne
874 3146 951 3206 dard
972 3153 1055 3220 olla,
1076 3143 1181 3207 sicelio
1215 3144 1260 3206 ira
1293 3146 1386 3205 luna
1411 3161 1428 3204 e
1451 3141 1570 3207 l'allra

385 3254 479 3314 ouda
502 3253 677 3315 l'orombio
697 3256 813 3314 nentina
836 3255 942 3314 [radici
967 3255 1146 3316 sibrazioni.
1169 3253 1330 3334 Pigliando
1353 3252 1402 3332 poi
1435 3250 1466 3312 la
1497 3269 1576 3331 pro-

386 3363 532 3440 noiomo
553 3363 584 3422 di
605 3369 680 3422 seua
701 3380 719 3421 a
739 3365 862 3441 niaque,
884 3364 983 3422 lorma
1007 3362 1089 3423 della
1110 3363 1164 3441 pila
1186 3381 1276 3442 aspra
1298 3363 1573 3434 dissonanza,obe

389 3467 521 3529 sileam
540 3469 566 3527 si
588 3486 699 3547 possa.
721 3469 910 3531 nondimeno
930 3477 1038 3548 qoesla
1057 3475 1148 3531 asera
1171 3490 1263 3533 meno
1286 3472 1454 3533 vibrationi
1485 3472 1574 3536 della

388 3586 468 3639 sosia
491 3579 620 3651 inioore,
642 3596 660 3639 o
681 3596 758 3657 pure
779 3582 805 3639 si
827 3579 948 3639 riunire
970 3579 1023 3657 nid
1043 3589 1154 3658 presto.
1175 3601 1193 3641 e
1214 3583 1342 3642 intlavia
1373 3586 1443 3644 sara
1471 3582 1574 3643 disso-

391 3695 503 3750 nante:
536 3690 562 3748 si
593 3688 650 3748 ebe
678 3706 739 3748 non
770 3692 788 3746 e
817 3705 889 3748 vero
915 3688 973 3749 obe
999 3688 1029 3748 le
1060 3705 1251 3750 consonante
1280 3691 1455 3752 oonsislano
1486 3690 1574 3753 nella

390 3797 723 3869 osmmensnrabiliia‚
754 3818 774 3856 o
805 3797 855 3859 nei
893 3798 1020 3859 riunirsi
1053 3798 1107 3877 piis
1139 3806 1250 3878 presio.
1271 3798 1328 3861 Per
1348 3799 1528 3879 rispondere
1551 3821 1571 3862 a

392 3914 500 3988 ownia
530 3908 747 3987 opposizione,
766 3925 824 3968 oon
847 3909 943 3986 lungo
969 3908 1204 3987 regionamenlo
1231 3917 1345 3971 mostra
1369 3910 1393 3969 il
1421 3910 1575 3985 Rueellai,

394 4034 456 4079 mo
477 4015 590 4096 nonani
611 4017 821 4078 dirillamenle
843 4017 970 4079 inlerire
990 4025 1101 4080 contro
1124 4033 1184 4078 nna
1205 4018 1333 4096 ragione
1358 4020 1491 4091 leonina,
1515 4021 1591 4081 cbo·

393 4123 454 4185 ella
489 4143 551 4186 non
575 4126 619 4186 sla
644 4143 715 4188 vern
736 4127 915 4206 peroioccbd
946 4127 1029 4189 nella
1061 4126 1178 4207 pralioa
1201 4143 1262 4189 non
1284 4129 1310 4189 si
1331 4127 1408 4188 vede
1430 4129 1574 4203 riusciro,

395 4234 474 4295 uiuido
504 4234 565 4306 eall
596 4235 663 4295 dica
684 4235 742 4296 ebe
763 4237 788 4297 si
810 4252 918 4314 senago
948 4237 1031 4297 nelle
1063 4236 1295 4298 dimostrazinni
1329 4237 1383 4315 piis
1417 4237 1574 4298 infallibili

395 4344 610 4418 aalimielriobe,
631 4363 650 4403 o
671 4344 742 4405 dell'
755 4346 847 4406 ollica
869 4366 888 4406 o
908 4346 981 4405 dell'
994 4346 1071 4408 allae
1096 4348 1242 4418 sciense,
1262 4348 1291 4407 le
1313 4348 1398 4429 quali
1422 4366 1482 4408 non
1505 4366 1573 4426 pos-

397 4472 471 4517 sooo
492 4472 606 4527 errato,
628 4456 683 4516 ebo
705 4464 829 4516 sovenle
850 4454 914 4516 alla
935 4456 1052 4534 pralica
1075 4477 1135 4519 non
1158 4458 1310 4528 riescono,
1332 4474 1349 4517 e
1370 4458 1419 4518 cib
1440 4476 1501 4520 non
1520 4476 1577 4536 por

398 4561 503 4626 ‹lilbllo
535 4563 616 4626 della
647 4565 907 4635 dimostrazinne‚
929 4566 1070 4626 mandi
1094 4566 1145 4629 nni
1169 4565 1327 4627 mndesimi
1351 4587 1371 4627 ο
1391 4565 1422 4626 di
1444 4567 1493 4627 cib
1517 4565 1575 4626 cbo

403 4672 428 4732 vi
453 4675 477 4732 ai
502 4673 653 4755 adonem,
674 4676 730 4736 cbo
752 4692 812 4735 non
836 4674 858 4733 s'
873 4675 1011 4750 aggiusia
1034 4692 1087 4753 por
1109 4675 1279 4753 l‘appunlo
1301 4675 1363 4734 allo
1386 4675 1500 4752 rogale.
1527 4673 1576 4734 lla
