3775 5759
357 665 421 731 236
660 677 806 724 ntaeoent
829 677 929 727 oense·
955 677 1057 723 neore
1081 677 1205 723 solenne

358 803 403 864 ita
427 802 571 881 ipserum
596 798 747 871 dimidiu,
768 814 883 878 nempe
907 798 963 862 CA
985 797 1026 865 ad
1044 799 1122 869 AB:
1148 803 1184 862 ot
1200 804 1310 862 numm
1331 799 1384 862 Eli
1403 798 1444 861 ad
1468 800 1528 873 bb,

359 912 403 974 ita
427 911 482 974 tlt
505 908 546 972 ad
571 907 644 972 AS:
668 924 747 986 ergo
768 924 810 969 ex
834 908 975 988 aequali.
994 913 1029 971 ut
1048 907 1162 973 ebed
1179 907 1243 984 BL,
1261 908 1308 972 ite
1326 907 1384 974 CA
1401 906 1444 971 ad
1470 907 1529 977 AS,

358 1025 419 1088 boc
442 1024 503 1095 est,
528 1026 563 1083 ut
587 1022 790 1084 momentum
814 1017 993 1082 celeritatis
1016 1018 1049 1081 in
1074 1017 1098 1083 C
1124 1017 1165 1081 ad
1185 1022 1392 1082 momentum
1408 1015 1526 1079 ceteri-

361 1133 438 1196 tatis
463 1132 495 1194 in
515 1129 551 1196 B.
567 1130 615 1192 ite
637 1127 692 1193 CA
716 1126 758 1190 ad
783 1127 849 1199 bS;
872 1127 935 1191 boc
959 1133 1031 1202 est,
1055 1133 1185 1210 tempus
1209 1143 1266 1208 per
1287 1125 1345 1193 CA
1369 1125 1414 1189 ad
1445 1130 1530 1188 tem·

359 1259 420 1324 pus
445 1257 501 1322 per
523 1239 587 1303 att.
611 1239 704 1302 Patet
727 1236 838 1318 itaque
859 1237 944 1300 ratio
968 1234 1182 1301 mensurandi
1207 1236 1381 1317 impetum,
1400 1249 1455 1297 seu
1471 1250 1528 1295 ce-

322 1383 324 1392 ·
362 1349 501 1413 lenitatis
523 1351 726 1412 momentum
752 1346 972 1427 sepertinere,
996 1347 1029 1410 in
1053 1356 1120 1427 qua
1146 1345 1183 1410 dt
1207 1351 1317 1410 motus
1334 1342 1527 1413 descensus:

362 1460 416 1540 qui
440 1459 573 1540 quidem
597 1459 740 1539 impetus
764 1456 894 1536 ponitur
917 1458 1033 1540 angeri
1058 1472 1117 1537 pro
1140 1456 1267 1520 ratione
1289 1452 1462 1535 temporis.
1485 1537 1488 1541 V

450 1567 511 1633 iiic
534 1573 659 1640 autem,
675 1572 854 1646 antequam
877 1565 1017 1630 ulterius
1033 1564 1295 1648 progrediamur,
1310 1577 1527 1644 maurocen-

364 1680 441 1743 dom
466 1683 525 1752 est.
549 1675 637 1756 quod
661 1691 736 1738 eum
760 1673 801 1736 de
824 1680 914 1738 motu
931 1674 1115 1756 composito
1130 1689 1172 1736 ex
1188 1670 1357 1752 aequabili
1375 1668 1533 1732 borinon·

365 1788 442 1860 tali,
466 1794 498 1851 et
521 1805 562 1849 ex
586 1764 781 1849 naturaiiter
805 1785 988 1848 accelerato
1014 1784 1168 1848 deorsum
1198 1781 1331 1846 iuturus
1353 1781 1399 1844 sit
1424 1794 1530 1843 sermo

366 1894 428 1978 (ex
452 1893 508 1956 tali
531 1892 619 1955 euim
645 1891 804 1955 mixtione
828 1890 1055 1962 condatense
1072 1888 1365 1974 designaturiiuea
1384 1885 1531 1968 projecti,

366 2017 481 2082 nempe
506 1997 699 2085 parabola),
723 2015 854 2063 necesse
878 1999 1038 2063 babemus
1062 1996 1199 2062 delinire
1214 1997 1359 2078 aliquam
1378 2011 1530 2060 commu·

366 2123 440 2169 nem
460 2121 659 2178 mensarum.
671 2105 770 2187 juxta
790 2122 890 2186 quam
907 2104 1080 2188 utriusque
1100 2111 1209 2170 motus
1227 2104 1453 2176 velocitatem,
1472 2105 1530 2167 im·

368 2219 501 2296 petum,
525 2230 582 2279 seu
610 2218 814 2278 momentum
843 2212 986 2279 dimetiri
1022 2212 1204 2278 remmus.
1227 2211 1532 2304 denunciationis

366 2321 547 2404 aequabilis
570 2322 736 2385 innumeri
759 2322 825 2386 sint
849 2322 1035 2389 velocitatis
1058 2320 1192 2405 gradus,
1213 2339 1355 2405 quorum
1372 2340 1441 2389 non
1461 2324 1533 2406 qni-

367 2431 445 2495 libet
468 2428 615 2503 fortuito,
638 2429 695 2492 sed
720 2446 805 2495 nnus
828 2447 870 2497 ex
892 2429 958 2494 iltis
982 2430 1165 2516 innumeris
1188 2447 1267 2495 cum
1292 2431 1401 2513 medo
1417 2431 1534 2498 ederi·

368 2539 445 2601 latis
468 2552 525 2618 per
548 2540 674 2601 motum
697 2535 894 2600 naturaiiter
915 2537 1135 2603 acceleratum
1170 2538 1334 2619 acquisito
1355 2539 1404 2604 sit
1424 2538 1534 2605 conte·

368 2646 488 2710 nendos
510 2651 542 2709 et
565 2644 831 2728 conjungendum
855 2645 982 2710 nullam
1018 2645 1200 2713 faciliorem
1224 2647 1314 2714 riam
1337 2650 1535 2734 excogitare

368 2754 459 2835 putot
485 2771 543 2835 pro
566 2772 605 2818 eo
626 2754 788 2837 eligendo,
810 2760 909 2836 elque
931 2754 1192 2833 determinando,
1207 2775 1308 2839 quam
1324 2754 1433 2825 aliurn
1449 2760 1535 2844 ejus·

369 2860 443 2923 deru
468 2861 597 2941 generis
619 2861 826 2926 assumendo.
851 2862 894 2928 Ut
915 2867 1027 2927 autem
1050 2864 1174 2929 clarius
1199 2882 1252 2930 me
1276 2866 1466 2948 explicem
1485 2869 1534 2933 in·

371 2969 537 3052 telligatur
562 2970 841 3051 perpendicularis
861 2969 914 3035 AC
934 2967 1028 3055 (Fip.
1048 2973 1107 3037 111
1125 2970 1135 3055 l
1151 2973 1192 3038 ad
1210 2973 1453 3040 horizontalem
1469 2977 1532 3045 ott:

370 3079 421 3143 lis.
447 3096 524 3143 vero
547 3097 617 3142 esse
641 3080 872 3156 altitudinem,
896 3082 948 3148 Cli
972 3089 1084 3146 nutem
1108 3083 1364 3164 amplitudinem
1388 3086 1532 3167 semipa-

370 3188 501 3251 roboiae
525 3190 600 3263 stt,
623 3206 708 3268 qnae
731 3191 928 3255 describitur
951 3209 970 3255 e
994 3193 1232 3272 compositione
1255 3194 1400 3258 duarum
1437 3195 1534 3259 latio·

371 3313 472 3368 rrum:
496 3314 637 3376 quarum
673 3314 737 3359 uno
769 3304 815 3359 est
842 3300 970 3362 mobilis
1006 3301 1230 3364 descendentis
1266 3319 1322 3382 per
1357 3302 1413 3368 AC
1447 3311 1534 3369 motu

371 3406 567 3467 naturaliter
581 3406 764 3468 accelerato
788 3422 829 3466 ex
852 3408 962 3485 quiete
982 3409 1015 3471 in
1041 3413 1091 3480 Λ;
1114 3411 1216 3472 altera
1233 3416 1280 3473 est
1298 3415 1410 3476 motus
1431 3419 1536 3477 trans·

373 3512 508 3574 versetis
531 3512 710 3591 aequabilis
729 3512 826 3591 Juxta
851 3513 1087 3580 berizontniem
1108 3520 1170 3582 All
1193 3520 1337 3601 impetus
1354 3524 1536 3604 acquisitus

374 3620 405 3682 ln
429 3616 453 3681 d
481 3635 535 3698 per
557 3618 750 3681 descensum
776 3620 829 3686 AC
859 3622 1096 3688 determinatur
1122 3644 1142 3688 a
1169 3629 1353 3706 quantitate
1390 3629 1535 3711 ejusdem

372 3727 556 3791 altitudinis
581 3727 656 3800 AC,
681 3711 765 3792 unus
789 3729 877 3791 enim
901 3738 999 3811 atquo
1032 3734 1116 3797 idem
1146 3741 1194 3798 est
1226 3754 1355 3817 semper
1397 3739 1537 3819 impetus

375 3836 503 3899 mobilis
527 3853 566 3898 ex
592 3836 706 3899 eadem
734 3837 909 3901 altitudine
943 3841 1115 3905 cadentis:
1140 3861 1255 3909 verum
1281 3846 1313 3909 in
1341 3847 1536 3912 horizontali

374 3961 437 4005 non
463 3960 569 4016 unus,
593 3945 649 4007 sed
673 3945 835 4008 innumeri
859 3948 1020 4029 assignari
1045 3957 1180 4029 possunt
1205 3954 1326 4033 gradus
1351 3957 1535 4020 velocitatis

376 4057 523 4114 motuum
548 4055 792 4134 aeqrrobilium;
809 4074 850 4118 ex
866 4074 1006 4136 quorum
1031 4060 1253 4136 multitudine,
1272 4069 1309 4126 ut
1326 4064 1424 4128 ilium
1440 4083 1534 4149 quem

374 4160 501 4242 elegero
524 4179 543 4222 a
567 4162 701 4240 reliquis
724 4182 918 4245 segregare,
941 4175 974 4230 et
997 4171 1091 4247 quusi
1116 4171 1219 4252 digito
1254 4179 1441 4239 monstrare
1466 4193 1535 4258 pos-

375 4265 449 4340 sins,
473 4265 679 4330 altitudinem
705 4267 759 4332 CA
785 4272 817 4331 in
842 4273 975 4336 sublimi
994 4278 1179 4354 extendam,
1196 4280 1228 4343 in
1245 4298 1321 4360 qua,
1339 4292 1438 4362 prout
1457 4301 1534 4366 opus

376 4373 486 4449 suerit,
508 4375 743 4439 sublimitatem
770 4379 824 4442 ΛΕ
852 4379 1000 4457 firmabo,
1024 4402 1064 4447 ex
1088 4404 1154 4466 qua
1172 4390 1199 4452 si
1224 4391 1346 4455 cadens
1370 4412 1412 4456 ex
1430 4397 1534 4475 quiete

377 4484 408 4544 in
434 4484 459 4546 E
483 4488 591 4547 mente
625 4487 830 4566 concipiam,
858 4497 966 4569 patet.
994 4493 1151 4574 impetum
1183 4500 1254 4580 ejus
1282 4503 1314 4566 in
1346 4505 1532 4567 terminoli

376 4595 573 4673 ererpuisitum
599 4614 700 4660 nuum
725 4615 805 4671 esse,
829 4616 904 4662 etim
929 4619 994 4679 spuo
1019 4603 1105 4667 idern
1123 4608 1251 4680 mobile,
1273 4629 1328 4691 por
1346 4610 1532 4677 horizonta·

377 4702 437 4766 lem
463 4704 520 4767 nli
544 4725 751 4783 errnrersum,
776 4708 849 4770 terri
875 4728 1076 4790 reinceptum
1100 4715 1233 4797 ejusque
1258 4721 1396 4801 gradum
1422 4722 1532 4784 celeri·
