3775 5759
791 692 941 739 oronnam
966 694 1097 750 pannas.
1222 718 1226 729 -
1459 683 1524 749 255

367 810 423 873 nui
447 826 573 890 qnoque
608 808 756 890 aequalia
792 820 865 876 sunt
901 810 968 877 duo
1002 814 1164 896 quadrata
1201 814 1533 898 at',FE.1tempus

366 919 478 999 itaque
498 916 671 1001 quadratis
693 917 771 993 GE,
797 919 870 993 Fli,
893 920 1104 1001 aequalibus.
1127 927 1274 985 remanet
1305 924 1531 1006 reetanqulum

366 1024 448 1089 trun
471 1024 608 1106 aequale
630 1026 793 1105 quadrato
827 1028 906 1102 AF,
941 1046 1058 1111 nempe
1081 1028 1156 1102 BD;
1180 1036 1212 1092 et
1236 1029 1321 1094 linea
1345 1031 1398 1095 ab
1421 1033 1528 1098 media

370 1132 624 1215 proportionalis
647 1134 732 1200 iutor
752 1135 817 1212 BG,
831 1136 898 1203 Ga.
923 1138 974 1203 lix
990 1156 1056 1220 que
1072 1144 1171 1219 patet,
1186 1138 1455 1220 semiparabulae,
1470 1162 1530 1208 eu·

361 1242 419 1321 jus
442 1242 628 1324 amplitudo
651 1242 726 1317 BC,
760 1245 902 1327 impetus
927 1264 1006 1311 vero
1029 1248 1106 1319 ΑΒ,
1129 1248 1338 1314 altitudinem
1362 1266 1432 1314 esse
1455 1251 1531 1324 BG.

367 1350 605 1417 sublimitatem
628 1351 695 1418 ΕΑ.
726 1353 822 1433 Quod
845 1356 871 1419 si
897 1360 1037 1436 poumur
1060 1355 1196 1421 interius
1218 1358 1258 1422 lll
1282 1357 1429 1439 aequalis
1451 1358 1531 1435 (ΞΛ,

364 1460 429 1525 ortt
453 1459 535 1523 baec
557 1459 720 1534 altitudo;
740 1461 783 1525 ln
809 1480 887 1527 vero
908 1464 1095 1529 sublimitas
1118 1465 1376 1546 semiparabolae
1393 1466 1442 1532 lG.

463 1566 515 1631 Ex
537 1566 768 1634 demonstratis
792 1570 959 1653 bucusque
982 1588 1153 1653 qmssunun

672 1738 843 1802 honneur
867 1739 924 1814 ΙΙΙ,
948 1740 1132 1803 Pnoeostrro
1157 1740 1225 1805 llll.

452 1891 762 1977 Seniporoboloruns
796 1897 938 1961 omnium
971 1896 1190 1978 amplitudines
1219 1897 1338 1964 calculo
1365 1900 1528 1984 audiuere,

365 2013 462 2087 utque
486 2006 522 2067 in
546 2004 669 2069 tubulas
684 2006 819 2087 eaiqere,
836 2023 918 2087 quoe
941 2023 962 2070 u
982 2005 1125 2087 projectis
1139 2006 1243 2071 eodem
1262 2009 1378 2089 impetu
1396 2010 1527 2092 explosis

365 2114 601 2179 deseribuntur.

434 2222 571 2289 Constat
593 2240 635 2285 ex
663 2222 996 2304 praedemonstratls.
1022 2230 1099 2288 tune
1136 2224 1306 2306 parabolas
1330 2242 1349 2288 a
1373 2227 1527 2308 projectis

366 2331 483 2397 eodem
506 2331 632 2412 impetu
655 2331 831 2413 designari,
853 2349 931 2397 oum
956 2331 1087 2398 illarum
1111 2332 1331 2398 sublimitates
1353 2348 1431 2399 eam
1451 2333 1527 2398 alti·

366 2438 538 2505 tudiuibas
556 2440 694 2523 Junotao
720 2439 873 2522 aequales
900 2438 1081 2505 eonboiaut
1108 2439 1394 2522 perpendiculares
1429 2457 1529 2521 supra

366 2548 583 2613 boriaoutem.
601 2550 688 2614 tuter
703 2548 835 2613 easdem
851 2566 929 2631 ergo
949 2549 1122 2631 parallelas
1139 2547 1358 2613 horizontales
1376 2547 1438 2612 bue
1453 2564 1529 2630 por·

368 2654 598 2737 peudieulares
619 2655 851 2738 comprehendi
874 2655 1002 2721 debent.
1025 2658 1171 2722 Ponatur
1193 2657 1304 2737 itaque
1331 2655 1527 2721 horizontali

365 2762 420 2828 CB
444 2758 456 2847 (
469 2758 539 2843 Fu.
565 2758 649 2848 123)
674 2764 952 2845 perpendicularis
980 2764 1036 2828 BA
1062 2764 1232 2846 aequalis,
1253 2771 1286 2827 et
1307 2769 1524 2829 eonneetatur·

361 2868 551 2953 diagonalis
572 2872 637 2939 AC.
662 2872 734 2937 Erit
755 2874 899 2956 angulus
923 2873 1004 2940 ΑΕΒ
1027 2876 1229 2952 semireetus,
1252 2893 1299 2957 gr.
1323 2876 1376 2941 dil.
1395 2875 1528 2941 Divisa·

365 2996 431 3060 quo
444 2979 716 3063 perpendiculari
740 2981 796 3045 ΒΔ
818 2968 970 3047 bilariam
994 2984 1028 3048 in
1053 2982 1101 3055 Ι),
1125 2985 1366 3066 semiparabola
1388 2984 1442 3051 DC
1467 2985 1532 3049 erit

362 3106 415 3163 oa,
437 3105 525 3170 quae
547 3106 567 3153 u
591 3090 793 3156 sublimitate
816 3094 874 3157 Al)
896 3109 973 3156 eum
997 3091 1171 3156 altitudine
1189 3091 1247 3160 bb
1266 3092 1473 3175 designatur:
1497 3097 1530 3156 et

362 3199 509 3279 impetus
531 3196 604 3281 elus
626 3199 703 3267 iuC
728 3205 841 3267 tantm
863 3200 948 3274 erit,
970 3204 1113 3281 quantus
1135 3205 1184 3264 est
1207 3199 1241 3263 in
1265 3200 1290 3264 ll
1314 3200 1445 3265 mobilis
1470 3218 1529 3264 ve·

361 3305 487 3371 utentis
519 3322 560 3370 ex
593 3308 704 3388 quiete
732 3309 766 3373 lu
794 3312 824 3372 A
851 3325 908 3390 por
930 3307 1052 3371 lineam
1077 3307 1140 3375 All
1164 3306 1229 3379 Et.
1251 3307 1280 3371 sl
1303 3308 1447 3373 dueatur
1471 3306 1528 3374 AG

360 3412 591 3497 aequidistans
613 3414 681 3489 BG.
706 3416 909 3498 reliquarum
930 3415 1080 3479 omnium
1098 3414 1426 3494 semiparabolarum‚
1443 3432 1528 3496 qua·
1553 3423 1556 3426 ’

361 3504 436 3588 rum
460 3524 605 3606 impetus
627 3524 761 3591 iuturus
783 3526 827 3589 sit
849 3525 936 3591 idem
960 3543 1038 3590 eum
1062 3523 1160 3589 modo
1181 3523 1357 3605 explicato,
1378 3523 1530 3589 altitudi-

360 3649 418 3697 nes
437 3650 519 3699 eum
542 3632 805 3698 sublimitatibus
822 3634 970 3716 junctae,
992 3624 1137 3714 spatium
1161 3633 1246 3695 inter
1269 3632 1443 3713 parallelas
1460 3631 1527 3703 AG,

360 3740 411 3810 nt}
444 3740 581 3825 explere
602 3740 733 3806 debent.
755 3742 902 3823 insuper,
924 3758 1002 3806 eum
1020 3741 1092 3823 jam
1114 3740 1374 3807 demonstratum
1398 3741 1453 3812 ait,
1475 3756 1527 3803 se-
1553 3808 1561 3824 ,

359 3848 656 3941 miparabolarum
678 3868 819 3933 quarum
845 3858 1015 3933 tangentes
1037 3850 1227 3932 aequaliter,
1244 3851 1314 3914 sive
1331 3866 1432 3931 supra
1455 3848 1527 3913 sive

359 3954 461 4033 inira.
481 3959 534 4024 ab.
547 3958 733 4023 elevatione
756 3959 930 4024 semimta
953 3958 1094 4032 distant,
1116 3958 1349 4041 amplitudines
1371 3957 1526 4040 aequales

360 4082 449 4142 esse,
467 4067 640 4145 enleulus,
662 4084 762 4151 quem
786 4086 845 4151 pro
868 4069 1049 4152 maioribus
1072 4067 1311 4132 elevationibus
1333 4065 1527 4149 compllabi·

361 4188 449 4252 mus,
471 4190 533 4259 pto
553 4177 739 4243 minoribus
760 4193 891 4260 quoque
908 4174 1080 4243 deserviet.
1099 4172 1262 4256 Eligimus
1282 4178 1450 4255 praeterea
1464 4187 1527 4234 nu-

361 4298 493 4351 merum
507 4286 652 4367 paulun
671 4286 784 4353 decem
798 4285 889 4352 mille
908 4281 1053 4373 liuddo)
1074 4300 1131 4365 pro
1147 4282 1294 4347 maxima
1310 4278 1527 4363 amplitudine

361 4389 573 4473 projeetlonis
594 4394 854 4478 semiparabolae
876 4394 920 4462 ad
943 4393 1161 4461 elevationem
1186 4408 1233 4473 gr.
1257 4391 1301 4455 aa
1323 4388 1445 4452 laetam
1459 4384 1527 4449 lta-

361 4517 426 4581 que
449 4506 540 4567 tauta
561 4513 766 4590 supponatur
789 4526 860 4577 esse
882 4508 971 4573 linea
994 4506 1061 4580 ΒΑ.
1085 4509 1117 4569 et
1140 4497 1324 4583 amplitudo
1346 4493 1528 4574 semipara-

358 4606 456 4675 bolae
478 4608 542 4679 lic.
566 4610 730 4698 liliqimus
753 4626 864 4687 autom
890 4632 1066 4684 numerum
1093 4605 1223 4681 tutuo,
1246 4604 1324 4686 quia
1347 4601 1476 4665 utimur
1493 4597 1526 4660 in

358 4717 497 4785 calculis
521 4724 633 4788 tabula
659 4734 873 4815 tangentium,
893 4730 991 4813 eujus
1015 4727 1067 4791 bic
1094 4733 1251 4787 uumerus
1275 4709 1426 4793 congruit
1449 4722 1526 4769 eum
