<?xml version="1.0" encoding="UTF-8"?>
<!DOCTYPE html PUBLIC "-//W3C//DTD XHTML 1.0 Transitional//EN"
    "http://www.w3.org/TR/xhtml1/DTD/xhtml1-transitional.dtd">
<html xmlns="http://www.w3.org/1999/xhtml" xml:lang="en" lang="en">
 <head>
  <title>
</title>
<meta http-equiv="Content-Type" content="text/html;charset=utf-8" />
  <meta name='ocr-system' content='tesseract 3.04.00' />
  <meta name='ocr-capabilities' content='ocr_page ocr_carea ocr_par ocr_line ocrx_word'/>
</head>
<body>
  <div class='ocr_page' id='page_1' title='image "./leoperedigalile02vivigoog_0126.png"; bbox 0 0 3775 5759; ppageno 0'>
   <div class='ocr_carea' id='block_1_1' title="bbox 805 654 1528 717">
    <p class='ocr_par' dir='ltr' id='par_1_1' title="bbox 805 654 1528 717">
     <span class='ocr_line' id='line_1_1' title="bbox 805 654 1528 717; baseline 0 -2"><span class='ocrx_word' id='word_1_1' title='bbox 805 673 957 717; x_wconf 75' lang='lat' dir='ltr'>oronnsrs</span> <span class='ocrx_word' id='word_1_2' title='bbox 983 671 1089 716; x_wconf 75' lang='lat' dir='ltr'>norun.</span> <span class='ocrx_word' id='word_1_3' title='bbox 1484 654 1528 717; x_wconf 70' lang='lat'>95</span> 
     </span>
    </p>
   </div>
   <div class='ocr_carea' id='block_1_2' title="bbox 359 791 1531 4791">
    <p class='ocr_par' dir='ltr' id='par_1_2' title="bbox 359 791 1529 2180">
     <span class='ocr_line' id='line_1_2' title="bbox 363 791 1528 876; baseline -0.004 -17"><span class='ocrx_word' id='word_1_4' title='bbox 363 802 454 859; x_wconf 82' lang='lat' dir='ltr'>tanto</span> <span class='ocrx_word' id='word_1_5' title='bbox 478 792 533 876; x_wconf 78' lang='lat' dir='ltr'>piri</span> <span class='ocrx_word' id='word_1_6' title='bbox 559 795 743 868; x_wconf 78' lang='lat' dir='ltr'>roientieri‚</span> <span class='ocrx_word' id='word_1_7' title='bbox 766 800 891 874; x_wconf 81' lang='lat' dir='ltr'>quanto</span> <span class='ocrx_word' id='word_1_8' title='bbox 912 793 975 857; x_wconf 84' lang='lat' dir='ltr'>cire</span> <span class='ocrx_word' id='word_1_9' title='bbox 994 808 1051 873; x_wconf 81' lang='lat' dir='ltr'>per</span> <span class='ocrx_word' id='word_1_10' title='bbox 1069 792 1165 856; x_wconf 87' lang='lat' dir='ltr'>ssnire</span> <span class='ocrx_word' id='word_1_11' title='bbox 1181 792 1211 854; x_wconf 83' lang='lat' dir='ltr'>in</span> <span class='ocrx_word' id='word_1_12' title='bbox 1230 793 1373 856; x_wconf 79' lang='lat' dir='ltr'>sessione</span> <span class='ocrx_word' id='word_1_13' title='bbox 1390 791 1528 855; x_wconf 80' lang='lat' dir='ltr'>odierna</span> 
     </span>
     <span class='ocr_line' id='line_1_3' title="bbox 361 898 1527 984; baseline -0.008 -16"><span class='ocrx_word' id='word_1_14' title='bbox 361 901 445 968; x_wconf 75' lang='lat' dir='ltr'>avrti</span> <span class='ocrx_word' id='word_1_15' title='bbox 480 910 590 984; x_wconf 79' lang='lat' dir='ltr'>tempo</span> <span class='ocrx_word' id='word_1_16' title='bbox 623 901 656 964; x_wconf 88' lang='lat' dir='ltr'>di</span> <span class='ocrx_word' id='word_1_17' title='bbox 692 903 794 965; x_wconf 88' lang='lat' dir='ltr'>sentir</span> <span class='ocrx_word' id='word_1_18' title='bbox 821 901 853 964; x_wconf 81' lang='lat' dir='ltr'>ia</span> <span class='ocrx_word' id='word_1_19' title='bbox 877 899 1124 963; x_wconf 77' lang='lat' dir='ltr'>dionisrnzione</span> <span class='ocrx_word' id='word_1_20' title='bbox 1147 899 1179 962; x_wconf 85' lang='lat' dir='ltr'>di</span> <span class='ocrx_word' id='word_1_21' title='bbox 1204 898 1314 961; x_wconf 82' lang='lat' dir='ltr'>alcuni</span> <span class='ocrx_word' id='word_1_22' title='bbox 1340 899 1439 979; x_wconf 76' lang='lat' dir='ltr'>duno]</span> <span class='ocrx_word' id='word_1_23' title='bbox 1465 899 1527 961; x_wconf 82' lang='lat' dir='ltr'>cire</span> 
     </span>
     <span class='ocr_line' id='line_1_4' title="bbox 360 1008 1525 1078; baseline -0.006 -1"><span class='ocrx_word' id='word_1_24' title='bbox 360 1016 405 1077; x_wconf 86' lang='lat' dir='ltr'>mi</span> <span class='ocrx_word' id='word_1_25' title='bbox 432 1019 609 1078; x_wconf 75' lang='lat' dir='ltr'>rostanno</span> <span class='ocrx_word' id='word_1_26' title='bbox 633 1012 716 1075; x_wconf 78' lang='lat' dir='ltr'>neiis</span> <span class='ocrx_word' id='word_1_27' title='bbox 745 1011 883 1074; x_wconf 79' lang='lat' dir='ltr'>materis</span> <span class='ocrx_word' id='word_1_28' title='bbox 903 1009 966 1073; x_wconf 87' lang='lat' dir='ltr'>cire</span> <span class='ocrx_word' id='word_1_29' title='bbox 985 1010 1213 1073; x_wconf 79' lang='lat' dir='ltr'>ultimamente</span> <span class='ocrx_word' id='word_1_30' title='bbox 1232 1013 1443 1072; x_wconf 78' lang='lat' dir='ltr'>trsttsvento.</span> <span class='ocrx_word' id='word_1_31' title='bbox 1468 1008 1525 1071; x_wconf 85' lang='lat' dir='ltr'>Dei</span> 
     </span>
     <span class='ocr_line' id='line_1_5' title="bbox 359 1116 1529 1205; baseline -0.006 -19"><span class='ocrx_word' id='word_1_32' title='bbox 359 1123 451 1205; x_wconf 78' lang='lat' dir='ltr'>quoii</span> <span class='ocrx_word' id='word_1_33' title='bbox 475 1140 544 1186; x_wconf 90' lang='lat' dir='ltr'>nno</span> <span class='ocrx_word' id='word_1_34' title='bbox 566 1119 595 1194; x_wconf 74' lang='lat' dir='ltr'>e,</span> <span class='ocrx_word' id='word_1_35' title='bbox 618 1138 654 1185; x_wconf 87' lang='lat' dir='ltr'>se</span> <span class='ocrx_word' id='word_1_36' title='bbox 676 1122 704 1185; x_wconf 89' lang='lat' dir='ltr'>si</span> <span class='ocrx_word' id='word_1_37' title='bbox 727 1121 786 1184; x_wconf 87' lang='lat' dir='ltr'>dee</span> <span class='ocrx_word' id='word_1_38' title='bbox 809 1119 947 1183; x_wconf 84' lang='lat' dir='ltr'>stimsre</span> <span class='ocrx_word' id='word_1_39' title='bbox 970 1119 1032 1181; x_wconf 86' lang='lat' dir='ltr'>ohe</span> <span class='ocrx_word' id='word_1_40' title='bbox 1055 1117 1076 1179; x_wconf 87' lang='lat' dir='ltr'>i&#39;</span> <span class='ocrx_word' id='word_1_41' title='bbox 1090 1116 1325 1198; x_wconf 85' lang='lat' dir='ltr'>impedimento</span> <span class='ocrx_word' id='word_1_42' title='bbox 1343 1116 1395 1179; x_wconf 87' lang='lat' dir='ltr'>dei</span> <span class='ocrx_word' id='word_1_43' title='bbox 1418 1132 1529 1183; x_wconf 83' lang='lat' dir='ltr'>mezzo</span> 
     </span>
     <span class='ocr_line' id='line_1_6' title="bbox 362 1225 1526 1313; baseline -0.008 -17"><span class='ocrx_word' id='word_1_44' title='bbox 362 1248 457 1313; x_wconf 80' lang='lat' dir='ltr'>nossa</span> <span class='ocrx_word' id='word_1_45' title='bbox 480 1248 571 1296; x_wconf 87' lang='lat' dir='ltr'>esser</span> <span class='ocrx_word' id='word_1_46' title='bbox 592 1235 742 1295; x_wconf 80' lang='lat' dir='ltr'>bestente</span> <span class='ocrx_word' id='word_1_47' title='bbox 766 1246 784 1291; x_wconf 85' lang='lat' dir='ltr'>n</span> <span class='ocrx_word' id='word_1_48' title='bbox 809 1245 868 1309; x_wconf 83' lang='lat' dir='ltr'>por</span> <span class='ocrx_word' id='word_1_49' title='bbox 892 1227 1030 1290; x_wconf 88' lang='lat' dir='ltr'>termine</span> <span class='ocrx_word' id='word_1_50' title='bbox 1053 1225 1364 1290; x_wconf 83' lang='lat' dir='ltr'>sii¹soceierszione</span> <span class='ocrx_word' id='word_1_51' title='bbox 1393 1225 1526 1306; x_wconf 80' lang='lat' dir='ltr'>s’eorpi</span> 
     </span>
     <span class='ocr_line' id='line_1_7' title="bbox 360 1332 1527 1419; baseline -0.004 -16"><span class='ocrx_word' id='word_1_52' title='bbox 360 1341 393 1403; x_wconf 84' lang='lat' dir='ltr'>tii</span> <span class='ocrx_word' id='word_1_53' title='bbox 417 1341 557 1404; x_wconf 74' lang='lat' dir='ltr'>materia</span> <span class='ocrx_word' id='word_1_54' title='bbox 581 1339 789 1419; x_wconf 79' lang='lat' dir='ltr'>gravissime,</span> <span class='ocrx_word' id='word_1_55' title='bbox 813 1336 1023 1419; x_wconf 75' lang='lat' dir='ltr'>grandissimi</span> <span class='ocrx_word' id='word_1_56' title='bbox 1047 1334 1080 1398; x_wconf 85' lang='lat' dir='ltr'>di</span> <span class='ocrx_word' id='word_1_57' title='bbox 1106 1335 1202 1406; x_wconf 86' lang='lat' dir='ltr'>mole.</span> <span class='ocrx_word' id='word_1_58' title='bbox 1225 1351 1244 1399; x_wconf 89' lang='lat' dir='ltr'>e</span> <span class='ocrx_word' id='word_1_59' title='bbox 1267 1335 1299 1398; x_wconf 74' lang='grc' dir='ltr'>ἀί</span> <span class='ocrx_word' id='word_1_60' title='bbox 1324 1332 1433 1416; x_wconf 78' lang='lat' dir='ltr'>figure</span> <span class='ocrx_word' id='word_1_61' title='bbox 1462 1335 1527 1398; x_wconf 80' lang='lat' dir='ltr'>sie·</span> 
     </span>
     <span class='ocr_line' id='line_1_8' title="bbox 360 1439 1527 1525; baseline -0.003 -16"><span class='ocrx_word' id='word_1_62' title='bbox 360 1448 452 1517; x_wconf 76' lang='lat' dir='ltr'>ries:</span> <span class='ocrx_word' id='word_1_63' title='bbox 474 1464 494 1508; x_wconf 94' lang='lat' dir='ltr'>e</span> <span class='ocrx_word' id='word_1_64' title='bbox 516 1445 593 1510; x_wconf 83' lang='lat' dir='ltr'>dieo</span> <span class='ocrx_word' id='word_1_65' title='bbox 614 1442 743 1516; x_wconf 82' lang='lat' dir='ltr'>sserios.</span> <span class='ocrx_word' id='word_1_66' title='bbox 768 1461 825 1525; x_wconf 78' lang='lat' dir='ltr'>nor</span> <span class='ocrx_word' id='word_1_67' title='bbox 844 1442 966 1524; x_wconf 81' lang='lat' dir='ltr'>pigiier</span> <span class='ocrx_word' id='word_1_68' title='bbox 986 1442 1097 1523; x_wconf 81' lang='lat' dir='ltr'>quetis</span> <span class='ocrx_word' id='word_1_69' title='bbox 1119 1443 1182 1506; x_wconf 84' lang='lat' dir='ltr'>ohe</span> <span class='ocrx_word' id='word_1_70' title='bbox 1203 1439 1222 1505; x_wconf 80' lang='lat' dir='ltr'>e</span> <span class='ocrx_word' id='word_1_71' title='bbox 1243 1448 1424 1507; x_wconf 81' lang='lat' dir='ltr'>eontenuts</span> <span class='ocrx_word' id='word_1_72' title='bbox 1440 1448 1527 1506; x_wconf 91' lang='lat' dir='ltr'>sotto</span> 
     </span>
     <span class='ocr_line' id='line_1_9' title="bbox 363 1547 1526 1633; baseline -0.002 -18"><span class='ocrx_word' id='word_1_73' title='bbox 363 1555 395 1617; x_wconf 85' lang='lat' dir='ltr'>is</span> <span class='ocrx_word' id='word_1_74' title='bbox 419 1554 558 1616; x_wconf 81' lang='lat' dir='ltr'>minima</span> <span class='ocrx_word' id='word_1_75' title='bbox 581 1549 766 1632; x_wconf 79' lang='lat' dir='ltr'>superficie,</span> <span class='ocrx_word' id='word_1_76' title='bbox 788 1569 807 1614; x_wconf 88' lang='lat' dir='ltr'>e</span> <span class='ocrx_word' id='word_1_77' title='bbox 832 1547 909 1632; x_wconf 77' lang='lat' dir='ltr'>pero</span> <span class='ocrx_word' id='word_1_78' title='bbox 932 1566 1030 1614; x_wconf 89' lang='lat' dir='ltr'>meno</span> <span class='ocrx_word' id='word_1_79' title='bbox 1052 1557 1202 1633; x_wconf 79' lang='lat' dir='ltr'>soggetta</span> <span class='ocrx_word' id='word_1_80' title='bbox 1226 1551 1258 1614; x_wconf 82' lang='lat' dir='ltr'>si</span> <span class='ocrx_word' id='word_1_81' title='bbox 1279 1551 1526 1615; x_wconf 80' lang='lat' dir='ltr'>ritsrdnmsnto.</span> 
     </span>
     <span class='ocr_line' id='line_1_10' title="bbox 362 1655 1529 1740; baseline -0.005 -11"><span class='ocrx_word' id='word_1_82' title='bbox 362 1662 414 1729; x_wconf 85' lang='lat' dir='ltr'>Un</span> <span class='ocrx_word' id='word_1_83' title='bbox 430 1662 515 1726; x_wconf 85' lang='lat' dir='ltr'>nitro</span> <span class='ocrx_word' id='word_1_84' title='bbox 533 1655 608 1724; x_wconf 75' lang='lat' dir='ltr'>seri</span> <span class='ocrx_word' id='word_1_85' title='bbox 626 1661 716 1724; x_wconf 80' lang='lat' dir='ltr'>eirea</span> <span class='ocrx_word' id='word_1_86' title='bbox 740 1658 771 1722; x_wconf 89' lang='lat' dir='ltr'>ie</span> <span class='ocrx_word' id='word_1_87' title='bbox 794 1658 979 1722; x_wconf 75' lang='lat' dir='ltr'>vibrationi</span> <span class='ocrx_word' id='word_1_88' title='bbox 1002 1656 1054 1721; x_wconf 85' lang='lat' dir='ltr'>dei</span> <span class='ocrx_word' id='word_1_89' title='bbox 1080 1658 1223 1739; x_wconf 70' lang='lat' dir='ltr'>geoden,</span> <span class='ocrx_word' id='word_1_90' title='bbox 1241 1675 1259 1720; x_wconf 88' lang='lat' dir='ltr'>e</span> <span class='ocrx_word' id='word_1_91' title='bbox 1276 1664 1393 1739; x_wconf 82' lang='lat' dir='ltr'>questo</span> <span class='ocrx_word' id='word_1_92' title='bbox 1412 1659 1454 1722; x_wconf 83' lang='lat' dir='ltr'>ire</span> <span class='ocrx_word' id='word_1_93' title='bbox 1472 1655 1529 1740; x_wconf 77' lang='lat' dir='ltr'>pio</span> 
     </span>
     <span class='ocr_line' id='line_1_11' title="bbox 362 1763 1524 1852; baseline -0.005 -17"><span class='ocrx_word' id='word_1_94' title='bbox 362 1772 460 1852; x_wconf 80' lang='lat' dir='ltr'>oeni:</span> <span class='ocrx_word' id='word_1_95' title='bbox 484 1771 582 1834; x_wconf 88' lang='lat' dir='ltr'>i&#39;nno</span> <span class='ocrx_word' id='word_1_96' title='bbox 605 1763 681 1832; x_wconf 74' lang='lat' dir='ltr'>sari</span> <span class='ocrx_word' id='word_1_97' title='bbox 703 1784 738 1832; x_wconf 91' lang='lat' dir='ltr'>se</span> <span class='ocrx_word' id='word_1_98' title='bbox 762 1774 897 1842; x_wconf 75' lang='lat' dir='ltr'>toties</span> <span class='ocrx_word' id='word_1_99' title='bbox 921 1767 1037 1849; x_wconf 74' lang='lat' dir='ltr'>grandi</span> <span class='ocrx_word' id='word_1_100' title='bbox 1060 1784 1080 1830; x_wconf 87' lang='lat' dir='ltr'>e</span> <span class='ocrx_word' id='word_1_101' title='bbox 1103 1766 1261 1831; x_wconf 76' lang='lat' dir='ltr'>mediocri</span> <span class='ocrx_word' id='word_1_102' title='bbox 1284 1784 1303 1830; x_wconf 88' lang='lat' dir='ltr'>e</span> <span class='ocrx_word' id='word_1_103' title='bbox 1326 1766 1474 1841; x_wconf 82' lang='lat' dir='ltr'>minime,</span> <span class='ocrx_word' id='word_1_104' title='bbox 1498 1769 1524 1831; x_wconf 89' lang='lat' dir='ltr'>si</span> 
     </span>
     <span class='ocr_line' id='line_1_12' title="bbox 365 1875 1527 1959; baseline -0.002 -16"><span class='ocrx_word' id='word_1_105' title='bbox 365 1881 466 1944; x_wconf 77' lang='lat' dir='ltr'>fanno</span> <span class='ocrx_word' id='word_1_106' title='bbox 487 1883 676 1943; x_wconf 77' lang='lat' dir='ltr'>vet-emente</span> <span class='ocrx_word' id='word_1_107' title='bbox 697 1895 716 1941; x_wconf 88' lang='lat' dir='ltr'>e</span> <span class='ocrx_word' id='word_1_108' title='bbox 739 1879 983 1959; x_wconf 82' lang='lat' dir='ltr'>precissmente-</span> <span class='ocrx_word' id='word_1_109' title='bbox 1011 1881 1098 1941; x_wconf 89' lang='lat' dir='ltr'>sotto</span> <span class='ocrx_word' id='word_1_110' title='bbox 1133 1877 1231 1957; x_wconf 83' lang='lat' dir='ltr'>tempi</span> <span class='ocrx_word' id='word_1_111' title='bbox 1260 1875 1395 1959; x_wconf 80' lang='lat' dir='ltr'>egusii:</span> <span class='ocrx_word' id='word_1_112' title='bbox 1418 1876 1459 1939; x_wconf 83' lang='lat' dir='ltr'>ed</span> <span class='ocrx_word' id='word_1_113' title='bbox 1475 1887 1527 1941; x_wconf 82' lang='lat' dir='ltr'>&#39;on</span> 
     </span>
     <span class='ocr_line' id='line_1_13' title="bbox 364 1983 1529 2070; baseline -0.004 -18"><span class='ocrx_word' id='word_1_114' title='bbox 364 1989 466 2063; x_wconf 78' lang='lat' dir='ltr'>nitro,</span> <span class='ocrx_word' id='word_1_115' title='bbox 486 1987 563 2070; x_wconf 78' lang='lat' dir='ltr'>quei</span> <span class='ocrx_word' id='word_1_116' title='bbox 586 1987 635 2051; x_wconf 83' lang='lat' dir='ltr'>sia</span> <span class='ocrx_word' id='word_1_117' title='bbox 660 1987 692 2049; x_wconf 84' lang='lat' dir='ltr'>is</span> <span class='ocrx_word' id='word_1_118' title='bbox 715 1987 930 2068; x_wconf 66' lang='lat' dir='ltr'>proportione</span> <span class='ocrx_word' id='word_1_119' title='bbox 953 1984 1005 2048; x_wconf 87' lang='lat' dir='ltr'>dei</span> <span class='ocrx_word' id='word_1_120' title='bbox 1031 1985 1131 2065; x_wconf 76' lang='lat' dir='ltr'>tempi</span> <span class='ocrx_word' id='word_1_121' title='bbox 1155 1983 1208 2047; x_wconf 78' lang='lat' dir='ltr'>dei</span> <span class='ocrx_word' id='word_1_122' title='bbox 1233 1984 1347 2048; x_wconf 85' lang='lat' dir='ltr'>moiriii</span> <span class='ocrx_word' id='word_1_123' title='bbox 1372 1986 1484 2066; x_wconf 75' lang='lat' dir='ltr'>epgtesi</span> <span class='ocrx_word' id='word_1_124' title='bbox 1509 2002 1529 2047; x_wconf 86' lang='lat' dir='ltr'>n</span> 
     </span>
     <span class='ocr_line' id='line_1_14' title="bbox 366 2092 1328 2180; baseline -0.007 -19"><span class='ocrx_word' id='word_1_125' title='bbox 366 2096 413 2161; x_wconf 84' lang='lat' dir='ltr'>titi</span> <span class='ocrx_word' id='word_1_126' title='bbox 437 2095 681 2180; x_wconf 71' lang='lat' dir='ltr'>sisegonino</span> <span class='ocrx_word' id='word_1_127' title='bbox 709 2097 820 2178; x_wconf 83' lang='lat' dir='ltr'>tempi,</span> <span class='ocrx_word' id='word_1_128' title='bbox 842 2096 930 2170; x_wconf 82' lang='lat' dir='ltr'>dieo,</span> <span class='ocrx_word' id='word_1_129' title='bbox 952 2095 1037 2158; x_wconf 88' lang='lat' dir='ltr'>deiie</span> <span class='ocrx_word' id='word_1_130' title='bbox 1061 2094 1110 2158; x_wconf 88' lang='lat' dir='ltr'>ior</span> <span class='ocrx_word' id='word_1_131' title='bbox 1134 2092 1328 2158; x_wconf 83' lang='lat' dir='ltr'>vibrezioni.</span> 
     </span>
    </p>

    <p class='ocr_par' dir='ltr' id='par_1_3' title="bbox 363 2202 1529 2614">
     <span class='ocr_line' id='line_1_15' title="bbox 453 2202 1526 2288; baseline -0.007 -15"><span class='ocrx_word' id='word_1_132' title='bbox 453 2206 549 2273; x_wconf 78' lang='lat' dir='ltr'>Sssr.</span> <span class='ocrx_word' id='word_1_133' title='bbox 572 2206 587 2272; x_wconf 86' lang='lat'>1</span> <span class='ocrx_word' id='word_1_134' title='bbox 608 2206 729 2288; x_wconf 78' lang='lat' dir='ltr'>quesiti</span> <span class='ocrx_word' id='word_1_135' title='bbox 763 2222 821 2270; x_wconf 84' lang='lat' dir='ltr'>son</span> <span class='ocrx_word' id='word_1_136' title='bbox 855 2206 955 2281; x_wconf 86' lang='lat' dir='ltr'>beiti,</span> <span class='ocrx_word' id='word_1_137' title='bbox 979 2222 999 2269; x_wconf 90' lang='lat' dir='ltr'>e</span> <span class='ocrx_word' id='word_1_138' title='bbox 1021 2202 1048 2268; x_wconf 88' lang='lat' dir='ltr'>si</span> <span class='ocrx_word' id='word_1_139' title='bbox 1071 2220 1167 2268; x_wconf 86' lang='lat' dir='ltr'>come</span> <span class='ocrx_word' id='word_1_140' title='bbox 1190 2203 1331 2267; x_wconf 80' lang='lat' dir='ltr'>svviene</span> <span class='ocrx_word' id='word_1_141' title='bbox 1354 2202 1386 2265; x_wconf 83' lang='lat' dir='ltr'>dt</span> <span class='ocrx_word' id='word_1_142' title='bbox 1413 2204 1491 2266; x_wconf 88' lang='lat' dir='ltr'>tutti</span> <span class='ocrx_word' id='word_1_143' title='bbox 1517 2205 1526 2265; x_wconf 91' lang='lat' dir='ltr'>i</span> 
     </span>
     <span class='ocr_line' id='line_1_16' title="bbox 364 2307 1529 2396; baseline -0.003 -18"><span class='ocrx_word' id='word_1_144' title='bbox 364 2317 458 2388; x_wconf 79' lang='lat' dir='ltr'>veri.</span> <span class='ocrx_word' id='word_1_145' title='bbox 485 2316 602 2381; x_wconf 85' lang='lat' dir='ltr'>dubito</span> <span class='ocrx_word' id='word_1_146' title='bbox 635 2314 696 2381; x_wconf 85' lang='lat' dir='ltr'>she</span> <span class='ocrx_word' id='word_1_147' title='bbox 732 2315 929 2380; x_wconf 80' lang='lat' dir='ltr'>treitendosi</span> <span class='ocrx_word' id='word_1_148' title='bbox 958 2314 992 2378; x_wconf 86' lang='lat' dir='ltr'>di</span> <span class='ocrx_word' id='word_1_149' title='bbox 1016 2315 1176 2396; x_wconf 81' lang='lat' dir='ltr'>qusisisie</span> <span class='ocrx_word' id='word_1_150' title='bbox 1211 2313 1244 2376; x_wconf 87' lang='lat' dir='ltr'>di</span> <span class='ocrx_word' id='word_1_151' title='bbox 1281 2313 1351 2376; x_wconf 90' lang='lat' dir='ltr'>ioro</span> <span class='ocrx_word' id='word_1_152' title='bbox 1374 2311 1401 2376; x_wconf 86' lang='lat' dir='ltr'>si</span> <span class='ocrx_word' id='word_1_153' title='bbox 1428 2307 1529 2375; x_wconf 80' lang='lat' dir='ltr'>tireris</span> 
     </span>
     <span class='ocr_line' id='line_1_17' title="bbox 363 2419 1528 2503; baseline 0.001 -20"><span class='ocrx_word' id='word_1_154' title='bbox 363 2420 470 2484; x_wconf 81' lang='lat' dir='ltr'>dietro</span> <span class='ocrx_word' id='word_1_155' title='bbox 494 2424 584 2484; x_wconf 83' lang='lat' dir='ltr'>tsnte</span> <span class='ocrx_word' id='word_1_156' title='bbox 606 2421 690 2486; x_wconf 80' lang='lat' dir='ltr'>aitre</span> <span class='ocrx_word' id='word_1_157' title='bbox 713 2440 791 2486; x_wconf 88' lang='lat' dir='ltr'>vere</span> <span class='ocrx_word' id='word_1_158' title='bbox 824 2440 842 2485; x_wconf 90' lang='lat' dir='ltr'>e</span> <span class='ocrx_word' id='word_1_159' title='bbox 876 2422 1007 2486; x_wconf 83' lang='lat' dir='ltr'>curiose</span> <span class='ocrx_word' id='word_1_160' title='bbox 1035 2437 1285 2503; x_wconf 82' lang='lat' dir='ltr'>oonsegnenze‚</span> <span class='ocrx_word' id='word_1_161' title='bbox 1307 2419 1369 2484; x_wconf 81' lang='lat' dir='ltr'>niro</span> <span class='ocrx_word' id='word_1_162' title='bbox 1393 2436 1457 2484; x_wconf 88' lang='lat' dir='ltr'>non</span> <span class='ocrx_word' id='word_1_163' title='bbox 1492 2438 1528 2484; x_wconf 86' lang='lat' dir='ltr'>so</span> 
     </span>
     <span class='ocr_line' id='line_1_18' title="bbox 364 2525 1528 2614; baseline 0.001 -23"><span class='ocrx_word' id='word_1_164' title='bbox 364 2544 398 2591; x_wconf 83' lang='lat' dir='ltr'>se</span> <span class='ocrx_word' id='word_1_165' title='bbox 421 2529 443 2591; x_wconf 85' lang='lat' dir='ltr'>i&#39;</span> <span class='ocrx_word' id='word_1_166' title='bbox 456 2547 585 2595; x_wconf 79' lang='lat' dir='ltr'>avanzo</span> <span class='ocrx_word' id='word_1_167' title='bbox 605 2530 639 2594; x_wconf 91' lang='lat' dir='ltr'>di</span> <span class='ocrx_word' id='word_1_168' title='bbox 662 2537 780 2613; x_wconf 87' lang='lat' dir='ltr'>questo</span> <span class='ocrx_word' id='word_1_169' title='bbox 799 2525 920 2614; x_wconf 75' lang='lat' dir='ltr'>&#39;giorno</span> <span class='ocrx_word' id='word_1_170' title='bbox 940 2534 974 2594; x_wconf 86' lang='lat' dir='ltr'>oi</span> <span class='ocrx_word' id='word_1_171' title='bbox 997 2525 1129 2597; x_wconf 69' lang='lat' dir='ltr'>hesteri</span> <span class='ocrx_word' id='word_1_172' title='bbox 1152 2548 1209 2612; x_wconf 79' lang='lat' dir='ltr'>per</span> <span class='ocrx_word' id='word_1_173' title='bbox 1231 2531 1410 2595; x_wconf 85' lang='lat' dir='ltr'>discuterio</span> <span class='ocrx_word' id='word_1_174' title='bbox 1434 2537 1528 2594; x_wconf 85' lang='lat' dir='ltr'>tutte.</span> 
     </span>
    </p>

    <p class='ocr_par' dir='ltr' id='par_1_4' title="bbox 364 2637 1529 3051">
     <span class='ocr_line' id='line_1_19' title="bbox 454 2637 1528 2726; baseline 0.006 -23"><span class='ocrx_word' id='word_1_175' title='bbox 454 2637 549 2705; x_wconf 78' lang='lat' dir='ltr'>Sssn.</span> <span class='ocrx_word' id='word_1_176' title='bbox 574 2639 614 2706; x_wconf 81' lang='lat' dir='ltr'>se</span> <span class='ocrx_word' id='word_1_177' title='bbox 636 2641 700 2705; x_wconf 87' lang='lat' dir='ltr'>elie</span> <span class='ocrx_word' id='word_1_178' title='bbox 723 2659 866 2706; x_wconf 84' lang='lat' dir='ltr'>snrenno</span> <span class='ocrx_word' id='word_1_179' title='bbox 882 2643 935 2705; x_wconf 86' lang='lat' dir='ltr'>dei</span> <span class='ocrx_word' id='word_1_180' title='bbox 959 2658 1058 2723; x_wconf 69' lang='lat' dir='ltr'>upon</span> <span class='ocrx_word' id='word_1_181' title='bbox 1081 2643 1165 2706; x_wconf 85' lang='lat' dir='ltr'>deiie</span> <span class='ocrx_word' id='word_1_182' title='bbox 1189 2650 1329 2724; x_wconf 78' lang='lat' dir='ltr'>pestate,</span> <span class='ocrx_word' id='word_1_183' title='bbox 1353 2640 1409 2724; x_wconf 83' lang='lat' dir='ltr'>pii</span> <span class='ocrx_word' id='word_1_184' title='bbox 1434 2651 1528 2726; x_wconf 80' lang='lat' dir='ltr'>grato</span> 
     </span>
     <span class='ocr_line' id='line_1_20' title="bbox 366 2730 1529 2834; baseline 0.007 -25"><span class='ocrx_word' id='word_1_185' title='bbox 366 2747 412 2809; x_wconf 87' lang='lat' dir='ltr'>rni</span> <span class='ocrx_word' id='word_1_186' title='bbox 436 2749 571 2813; x_wconf 83' lang='lat' dir='ltr'>serebbe</span> <span class='ocrx_word' id='word_1_187' title='bbox 606 2749 836 2833; x_wconf 82' lang='lat' dir='ltr'>i&#39;im&#39;piegnrvi</span> <span class='ocrx_word' id='word_1_188' title='bbox 862 2752 944 2814; x_wconf 81' lang='lat' dir='ltr'>tenti</span> <span class='ocrx_word' id='word_1_189' title='bbox 970 2752 1099 2834; x_wconf 82' lang='lat' dir='ltr'>giomi,</span> <span class='ocrx_word' id='word_1_190' title='bbox 1134 2768 1197 2815; x_wconf 91' lang='lat' dir='ltr'>non</span> <span class='ocrx_word' id='word_1_191' title='bbox 1231 2750 1292 2815; x_wconf 86' lang='lat' dir='ltr'>ohe</span> <span class='ocrx_word' id='word_1_192' title='bbox 1328 2758 1417 2817; x_wconf 87' lang='lat' dir='ltr'>tsnte</span> <span class='ocrx_word' id='word_1_193' title='bbox 1450 2730 1529 2827; x_wconf 74' lang='lat' dir='ltr'>orte,</span> 
     </span>
     <span class='ocr_line' id='line_1_21' title="bbox 364 2860 1529 2942; baseline 0.004 -22"><span class='ocrx_word' id='word_1_194' title='bbox 364 2864 490 2939; x_wconf 79' lang='lat' dir='ltr'>quanto</span> <span class='ocrx_word' id='word_1_195' title='bbox 524 2865 658 2924; x_wconf 84' lang='lat' dir='ltr'>restsno</span> <span class='ocrx_word' id='word_1_196' title='bbox 680 2861 754 2923; x_wconf 91' lang='lat' dir='ltr'>sino</span> <span class='ocrx_word' id='word_1_197' title='bbox 774 2877 794 2922; x_wconf 86' lang='lat' dir='ltr'>n</span> <span class='ocrx_word' id='word_1_198' title='bbox 818 2866 929 2933; x_wconf 76' lang='lat' dir='ltr'>nolte,</span> <span class='ocrx_word' id='word_1_199' title='bbox 952 2860 1093 2925; x_wconf 78' lang='lat' dir='ltr'>enredo</span> <span class='ocrx_word' id='word_1_200' title='bbox 1124 2861 1187 2924; x_wconf 87' lang='lat' dir='ltr'>oire</span> <span class='ocrx_word' id='word_1_201' title='bbox 1217 2860 1239 2922; x_wconf 90' lang='lat' dir='ltr'>ii</span> <span class='ocrx_word' id='word_1_202' title='bbox 1267 2860 1342 2942; x_wconf 90' lang='lat' dir='ltr'>Sig..</span> <span class='ocrx_word' id='word_1_203' title='bbox 1359 2860 1529 2942; x_wconf 82' lang='lat' dir='ltr'>Simpiicio</span> 
     </span>
     <span class='ocr_line' id='line_1_22' title="bbox 365 2963 1127 3051; baseline -0.001 -21"><span class='ocrx_word' id='word_1_204' title='bbox 365 2983 429 3030; x_wconf 90' lang='lat' dir='ltr'>non</span> <span class='ocrx_word' id='word_1_205' title='bbox 453 2967 480 3030; x_wconf 90' lang='lat' dir='ltr'>si</span> <span class='ocrx_word' id='word_1_206' title='bbox 506 2963 711 3033; x_wconf 77' lang='lat' dir='ltr'>rtstoeonert</span> <span class='ocrx_word' id='word_1_207' title='bbox 733 2968 765 3031; x_wconf 87' lang='lat' dir='ltr'>di</span> <span class='ocrx_word' id='word_1_208' title='bbox 791 2968 848 3031; x_wconf 79' lang='lat' dir='ltr'>inii</span> <span class='ocrx_word' id='word_1_209' title='bbox 873 2969 1127 3051; x_wconf 83' lang='lat' dir='ltr'>rsgionementi.</span> 
     </span>
    </p>

    <p class='ocr_par' dir='ltr' id='par_1_5' title="bbox 365 3073 1530 3388">
     <span class='ocr_line' id='line_1_23' title="bbox 455 3073 1529 3158; baseline 0.001 -19"><span class='ocrx_word' id='word_1_210' title='bbox 455 3073 543 3139; x_wconf 75' lang='lat' dir='ltr'>sm.</span> <span class='ocrx_word' id='word_1_211' title='bbox 565 3073 793 3140; x_wconf 80' lang='lat' dir='ltr'>Sinorsmente</span> <span class='ocrx_word' id='word_1_212' title='bbox 806 3092 861 3148; x_wconf 84' lang='lat' dir='ltr'>no,</span> <span class='ocrx_word' id='word_1_213' title='bbox 882 3090 903 3137; x_wconf 89' lang='lat' dir='ltr'>e</span> <span class='ocrx_word' id='word_1_214' title='bbox 921 3075 1077 3139; x_wconf 82' lang='lat' dir='ltr'>messime</span> <span class='ocrx_word' id='word_1_215' title='bbox 1094 3075 1227 3155; x_wconf 80' lang='lat' dir='ltr'>quando</span> <span class='ocrx_word' id='word_1_216' title='bbox 1245 3077 1272 3139; x_wconf 90' lang='lat' dir='ltr'>si</span> <span class='ocrx_word' id='word_1_217' title='bbox 1292 3081 1438 3141; x_wconf 84' lang='lat' dir='ltr'>trettnno</span> <span class='ocrx_word' id='word_1_218' title='bbox 1453 3079 1529 3158; x_wconf 83' lang='lat' dir='ltr'>qui-</span> 
     </span>
     <span class='ocr_line' id='line_1_24' title="bbox 365 3180 1530 3265; baseline 0.004 -23"><span class='ocrx_word' id='word_1_219' title='bbox 365 3180 466 3244; x_wconf 85' lang='lat' dir='ltr'>stioni</span> <span class='ocrx_word' id='word_1_220' title='bbox 490 3182 655 3253; x_wconf 67' lang='lat' dir='ltr'>naturali.</span> <span class='ocrx_word' id='word_1_221' title='bbox 679 3183 812 3247; x_wconf 75' lang='lat' dir='ltr'>intorno</span> <span class='ocrx_word' id='word_1_222' title='bbox 834 3182 899 3247; x_wconf 77' lang='lat' dir='ltr'>elie</span> <span class='ocrx_word' id='word_1_223' title='bbox 921 3182 1012 3264; x_wconf 79' lang='lat' dir='ltr'>quoii</span> <span class='ocrx_word' id='word_1_224' title='bbox 1037 3199 1100 3246; x_wconf 90' lang='lat' dir='ltr'>non</span> <span class='ocrx_word' id='word_1_225' title='bbox 1124 3184 1151 3247; x_wconf 83' lang='lat' dir='ltr'>si</span> <span class='ocrx_word' id='word_1_226' title='bbox 1176 3183 1315 3265; x_wconf 77' lang='lat' dir='ltr'>leggono</span> <span class='ocrx_word' id='word_1_227' title='bbox 1337 3184 1485 3264; x_wconf 83' lang='lat' dir='ltr'>opinioni</span> <span class='ocrx_word' id='word_1_228' title='bbox 1509 3206 1530 3247; x_wconf 97' lang='lat' dir='ltr'>o</span> 
     </span>
     <span class='ocr_line' id='line_1_25' title="bbox 368 3290 956 3388; baseline 0.003 -35"><span class='ocrx_word' id='word_1_229' title='bbox 368 3290 507 3355; x_wconf 79' lang='lat' dir='ltr'>dissoni</span> <span class='ocrx_word' id='word_1_230' title='bbox 531 3291 563 3355; x_wconf 86' lang='lat' dir='ltr'>di</span> <span class='ocrx_word' id='word_1_231' title='bbox 587 3292 661 3357; x_wconf 75' lang='lat' dir='ltr'>nitri</span> <span class='ocrx_word' id='word_1_232' title='bbox 687 3291 815 3358; x_wconf 85' lang='lat' dir='ltr'>iiiosoii.</span> <span class='ocrx_word' id='word_1_233' title='bbox 942 3372 956 3388; x_wconf 90' lang='lat'><strong>.</strong></span> 
     </span>
    </p>

    <p class='ocr_par' dir='ltr' id='par_1_6' title="bbox 364 3386 1531 4791">
     <span class='ocr_line' id='line_1_26' title="bbox 461 3386 1529 3484; baseline -0.001 -19"><span class='ocrx_word' id='word_1_234' title='bbox 461 3399 557 3465; x_wconf 78' lang='lat' dir='ltr'>Sssr.</span> <span class='ocrx_word' id='word_1_235' title='bbox 576 3402 689 3484; x_wconf 75' lang='lat' dir='ltr'>Ysogo</span> <span class='ocrx_word' id='word_1_236' title='bbox 703 3403 835 3483; x_wconf 83' lang='lat' dir='ltr'>dunque</span> <span class='ocrx_word' id='word_1_237' title='bbox 853 3402 919 3465; x_wconf 81' lang='lat' dir='ltr'>aiis</span> <span class='ocrx_word' id='word_1_238' title='bbox 935 3403 1052 3483; x_wconf 81' lang='lat' dir='ltr'>prims,</span> <span class='ocrx_word' id='word_1_239' title='bbox 1068 3400 1270 3467; x_wconf 76' lang='lat' dir='ltr'>soermsntio</span> <span class='ocrx_word' id='word_1_240' title='bbox 1288 3386 1386 3464; x_wconf 80' lang='lat' dir='ltr'>senze</span> <span class='ocrx_word' id='word_1_241' title='bbox 1403 3418 1529 3464; x_wconf 83' lang='lat' dir='ltr'>vernon</span> 
     </span>
     <span class='ocr_line' id='line_1_27' title="bbox 365 3504 1529 3592; baseline 0.003 -22"><span class='ocrx_word' id='word_1_242' title='bbox 365 3506 592 3584; x_wconf 73' lang='lat' dir='ltr'>dubituione,</span> <span class='ocrx_word' id='word_1_243' title='bbox 606 3526 672 3573; x_wconf 92' lang='lat' dir='ltr'>non</span> <span class='ocrx_word' id='word_1_244' title='bbox 685 3525 793 3585; x_wconf 81' lang='lat' dir='ltr'>essere</span> <span class='ocrx_word' id='word_1_245' title='bbox 808 3509 892 3573; x_wconf 81' lang='lat' dir='ltr'>siere</span> <span class='ocrx_word' id='word_1_246' title='bbox 912 3505 939 3573; x_wconf 86' lang='lat' dir='ltr'>si</span> <span class='ocrx_word' id='word_1_247' title='bbox 957 3509 1092 3592; x_wconf 79' lang='lat' dir='ltr'>grentio,</span> <span class='ocrx_word' id='word_1_248' title='bbox 1108 3506 1150 3573; x_wconf 80' lang='lat' dir='ltr'>nis</span> <span class='ocrx_word' id='word_1_249' title='bbox 1163 3510 1197 3575; x_wconf 80' lang='lat' dir='ltr'>tii</span> <span class='ocrx_word' id='word_1_250' title='bbox 1215 3508 1354 3572; x_wconf 77' lang='lat' dir='ltr'>materie</span> <span class='ocrx_word' id='word_1_251' title='bbox 1372 3504 1400 3571; x_wconf 85' lang='lat' dir='ltr'>si</span> <span class='ocrx_word' id='word_1_252' title='bbox 1417 3524 1529 3591; x_wconf 80' lang='lat' dir='ltr'>grove,</span> 
     </span>
     <span class='ocr_line' id='line_1_28' title="bbox 364 3615 1527 3693; baseline 0.002 -14"><span class='ocrx_word' id='word_1_253' title='bbox 364 3616 427 3679; x_wconf 79' lang='lat' dir='ltr'>nire</span> <span class='ocrx_word' id='word_1_254' title='bbox 451 3616 484 3680; x_wconf 85' lang='lat' dir='ltr'>in</span> <span class='ocrx_word' id='word_1_255' title='bbox 507 3618 676 3683; x_wconf 82' lang='lat' dir='ltr'>renitenza</span> <span class='ocrx_word' id='word_1_256' title='bbox 700 3619 751 3682; x_wconf 76' lang='lat' dir='ltr'>slei</span> <span class='ocrx_word' id='word_1_257' title='bbox 771 3636 892 3690; x_wconf 84' lang='lat' dir='ltr'>mezzo,</span> <span class='ocrx_word' id='word_1_258' title='bbox 912 3615 1077 3683; x_wconf 75' lang='lat' dir='ltr'>aneoroire</span> <span class='ocrx_word' id='word_1_259' title='bbox 1093 3619 1297 3693; x_wconf 86' lang='lat' dir='ltr'>tenuissimo,</span> <span class='ocrx_word' id='word_1_260' title='bbox 1313 3634 1378 3681; x_wconf 83' lang='lat' dir='ltr'>non</span> <span class='ocrx_word' id='word_1_261' title='bbox 1395 3618 1527 3682; x_wconf 67' lang='lat' dir='ltr'>moreni</span> 
     </span>
     <span class='ocr_line' id='line_1_29' title="bbox 366 3725 1529 3803; baseline -0.001 -14"><span class='ocrx_word' id='word_1_262' title='bbox 366 3727 396 3791; x_wconf 84' lang='lat' dir='ltr'>is</span> <span class='ocrx_word' id='word_1_263' title='bbox 421 3744 483 3793; x_wconf 80' lang='lat' dir='ltr'>sno</span> <span class='ocrx_word' id='word_1_264' title='bbox 506 3727 764 3803; x_wconf 80' lang='lat' dir='ltr'>aooeierszione,</span> <span class='ocrx_word' id='word_1_265' title='bbox 787 3744 806 3790; x_wconf 95' lang='lat' dir='ltr'>e</span> <span class='ocrx_word' id='word_1_266' title='bbox 827 3727 889 3791; x_wconf 86' lang='lat' dir='ltr'>ohe</span> <span class='ocrx_word' id='word_1_267' title='bbox 912 3727 1000 3791; x_wconf 85' lang='lat' dir='ltr'>neiia</span> <span class='ocrx_word' id='word_1_268' title='bbox 1023 3727 1257 3791; x_wconf 80' lang='lat' dir='ltr'>oontinnszion</span> <span class='ocrx_word' id='word_1_269' title='bbox 1280 3725 1334 3789; x_wconf 90' lang='lat' dir='ltr'>dei</span> <span class='ocrx_word' id='word_1_270' title='bbox 1359 3732 1449 3790; x_wconf 82' lang='lat' dir='ltr'>nroto</span> <span class='ocrx_word' id='word_1_271' title='bbox 1464 3740 1529 3790; x_wconf 87' lang='lat' dir='ltr'>non</span> 
     </span>
     <span class='ocr_line' id='line_1_30' title="bbox 365 3831 1531 3918; baseline -0.002 -18"><span class='ocrx_word' id='word_1_272' title='bbox 365 3837 397 3900; x_wconf 88' lang='lat' dir='ltr'>io</span> <span class='ocrx_word' id='word_1_273' title='bbox 418 3836 536 3900; x_wconf 82' lang='lat' dir='ltr'>ridocs</span> <span class='ocrx_word' id='word_1_274' title='bbox 559 3831 820 3918; x_wconf 71' lang='lat' dir='ltr'>sii’eqoabiiitti3</span> <span class='ocrx_word' id='word_1_275' title='bbox 842 3837 876 3901; x_wconf 82' lang='lat' dir='ltr'>ti</span> <span class='ocrx_word' id='word_1_276' title='bbox 898 3836 961 3900; x_wconf 84' lang='lat' dir='ltr'>otro</span> <span class='ocrx_word' id='word_1_277' title='bbox 980 3834 1148 3917; x_wconf 79' lang='lat' dir='ltr'>possismo</span> <span class='ocrx_word' id='word_1_278' title='bbox 1166 3836 1266 3901; x_wconf 77' lang='lat' dir='ltr'>ritrar</span> <span class='ocrx_word' id='word_1_279' title='bbox 1289 3836 1394 3901; x_wconf 88' lang='lat' dir='ltr'>moito</span> <span class='ocrx_word' id='word_1_280' title='bbox 1414 3834 1531 3898; x_wconf 79' lang='lat' dir='ltr'>oiriaro</span> 
     </span>
     <span class='ocr_line' id='line_1_31' title="bbox 370 3941 1531 4029; baseline -0.002 -21"><span class='ocrx_word' id='word_1_281' title='bbox 370 3953 564 4029; x_wconf 79' lang='lat' dir='ltr'>argomento</span> <span class='ocrx_word' id='word_1_282' title='bbox 585 3945 664 4011; x_wconf 84' lang='lat' dir='ltr'>‹inii&#39;</span> <span class='ocrx_word' id='word_1_283' title='bbox 676 3947 864 4028; x_wconf 79' lang='lat' dir='ltr'>esperienza</span> <span class='ocrx_word' id='word_1_284' title='bbox 884 3941 1391 4027; x_wconf 76' lang='lat' dir='ltr'>stesss.1mperoeeniseaieon</span> <span class='ocrx_word' id='word_1_285' title='bbox 1411 3943 1531 4007; x_wconf 77' lang='lat' dir='ltr'>moniis</span> 
     </span>
     <span class='ocr_line' id='line_1_32' title="bbox 368 4051 1530 4134; baseline 0 -18"><span class='ocrx_word' id='word_1_286' title='bbox 368 4051 506 4117; x_wconf 82' lang='lat' dir='ltr'>cedente</span> <span class='ocrx_word' id='word_1_287' title='bbox 528 4053 619 4119; x_wconf 79' lang='lat' dir='ltr'>insse</span> <span class='ocrx_word' id='word_1_288' title='bbox 641 4055 727 4120; x_wconf 86' lang='lat' dir='ltr'>sbiie</span> <span class='ocrx_word' id='word_1_289' title='bbox 752 4055 839 4119; x_wconf 80' lang='lat' dir='ltr'>neiis</span> <span class='ocrx_word' id='word_1_290' title='bbox 861 4072 922 4121; x_wconf 84' lang='lat' dir='ltr'>sua</span> <span class='ocrx_word' id='word_1_291' title='bbox 945 4054 1178 4119; x_wconf 79' lang='lat' dir='ltr'>continuarion</span> <span class='ocrx_word' id='word_1_292' title='bbox 1201 4053 1234 4117; x_wconf 87' lang='lat' dir='ltr'>di</span> <span class='ocrx_word' id='word_1_293' title='bbox 1252 4059 1343 4117; x_wconf 91' lang='lat' dir='ltr'>moto</span> <span class='ocrx_word' id='word_1_294' title='bbox 1356 4052 1530 4134; x_wconf 68' lang='lat' dir='ltr'>adeoqni-</span> 
     </span>
     <span class='ocr_line' id='line_1_33' title="bbox 368 4156 1529 4246; baseline 0.002 -22"><span class='ocrx_word' id='word_1_295' title='bbox 368 4166 439 4224; x_wconf 76' lang='lat' dir='ltr'>ster</span> <span class='ocrx_word' id='word_1_296' title='bbox 461 4162 681 4245; x_wconf 77' lang='lat' dir='ltr'>qunisivogiia</span> <span class='ocrx_word' id='word_1_297' title='bbox 705 4165 809 4246; x_wconf 81' lang='lat' dir='ltr'>gredo</span> <span class='ocrx_word' id='word_1_298' title='bbox 826 4164 860 4228; x_wconf 86' lang='lat' dir='ltr'>di</span> <span class='ocrx_word' id='word_1_299' title='bbox 886 4156 1038 4237; x_wconf 67' lang='lat' dir='ltr'>semite,</span> <span class='ocrx_word' id='word_1_300' title='bbox 1063 4179 1205 4228; x_wconf 81' lang='lat' dir='ltr'>nessuna</span> <span class='ocrx_word' id='word_1_301' title='bbox 1228 4158 1382 4239; x_wconf 73' lang='lat' dir='ltr'>reieciti,</span> <span class='ocrx_word' id='word_1_302' title='bbox 1404 4163 1467 4229; x_wconf 76' lang='lat' dir='ltr'>sire</span> <span class='ocrx_word' id='word_1_303' title='bbox 1489 4162 1529 4227; x_wconf 80' lang='lat' dir='ltr'>do</span> 
     </span>
     <span class='ocr_line' id='line_1_34' title="bbox 368 4268 1530 4355; baseline 0.003 -24"><span class='ocrx_word' id='word_1_304' title='bbox 368 4275 495 4332; x_wconf 86' lang='lat' dir='ltr'>motore</span> <span class='ocrx_word' id='word_1_305' title='bbox 515 4276 645 4335; x_wconf 84' lang='lat' dir='ltr'>esterno</span> <span class='ocrx_word' id='word_1_306' title='bbox 669 4273 712 4354; x_wconf 91' lang='lat' dir='ltr'>gii</span> <span class='ocrx_word' id='word_1_307' title='bbox 739 4273 826 4337; x_wconf 73' lang='lat' dir='ltr'>fusse</span> <span class='ocrx_word' id='word_1_308' title='bbox 841 4272 1011 4344; x_wconf 79' lang='lat' dir='ltr'>conserite,</span> <span class='ocrx_word' id='word_1_309' title='bbox 1031 4272 1186 4353; x_wconf 78' lang='lat' dir='ltr'>potrebbe</span> <span class='ocrx_word' id='word_1_310' title='bbox 1203 4289 1293 4336; x_wconf 88' lang='lat' dir='ltr'>esser</span> <span class='ocrx_word' id='word_1_311' title='bbox 1308 4268 1376 4339; x_wconf 82' lang='lat' dir='ltr'>cosi</span> <span class='ocrx_word' id='word_1_312' title='bbox 1392 4272 1530 4355; x_wconf 71' lang='lat' dir='ltr'>&#39;grande</span> 
     </span>
     <span class='ocr_line' id='line_1_35' title="bbox 366 4372 1531 4471; baseline -0.002 -30"><span class='ocrx_word' id='word_1_313' title='bbox 366 4375 502 4471; x_wconf 80' lang='lat' dir='ltr'>eir’egii</span> <span class='ocrx_word' id='word_1_314' title='bbox 533 4379 566 4443; x_wconf 81' lang='lat' dir='ltr'>ie</span> <span class='ocrx_word' id='word_1_315' title='bbox 599 4372 764 4445; x_wconf 77' lang='lat' dir='ltr'>ri&#39;eusasse</span> <span class='ocrx_word' id='word_1_316' title='bbox 790 4396 808 4443; x_wconf 88' lang='lat' dir='ltr'>s</span> <span class='ocrx_word' id='word_1_317' title='bbox 838 4396 873 4443; x_wconf 88' lang='lat' dir='ltr'>se</span> <span class='ocrx_word' id='word_1_318' title='bbox 894 4396 938 4443; x_wconf 80' lang='lat' dir='ltr'>ns</span> <span class='ocrx_word' id='word_1_319' title='bbox 959 4381 1138 4463; x_wconf 81' lang='lat' dir='ltr'>spogiiasse</span> <span class='ocrx_word' id='word_1_320' title='bbox 1165 4376 1375 4444; x_wconf 67' lang='lat' dir='ltr'>merce&#39;deii&#39;</span> <span class='ocrx_word' id='word_1_321' title='bbox 1392 4376 1531 4460; x_wconf 83' lang='lat' dir='ltr'>impedi-</span> 
     </span>
     <span class='ocr_line' id='line_1_36' title="bbox 368 4485 1529 4572; baseline 0.002 -23"><span class='ocrx_word' id='word_1_322' title='bbox 368 4492 483 4550; x_wconf 85' lang='lat' dir='ltr'>mento</span> <span class='ocrx_word' id='word_1_323' title='bbox 503 4486 556 4552; x_wconf 79' lang='lat' dir='ltr'>dei</span> <span class='ocrx_word' id='word_1_324' title='bbox 580 4506 701 4555; x_wconf 85' lang='lat' dir='ltr'>mezzo.</span> <span class='ocrx_word' id='word_1_325' title='bbox 726 4491 752 4554; x_wconf 82' lang='grc' dir='ltr'><strong>Ε</strong></span> <span class='ocrx_word' id='word_1_326' title='bbox 776 4485 845 4554; x_wconf 83' lang='lat' dir='ltr'>cosi</span> <span class='ocrx_word' id='word_1_327' title='bbox 869 4506 936 4554; x_wconf 81' lang='lat' dir='ltr'>nna</span> <span class='ocrx_word' id='word_1_328' title='bbox 962 4489 1049 4571; x_wconf 79' lang='lat' dir='ltr'>psile</span> <span class='ocrx_word' id='word_1_329' title='bbox 1072 4490 1104 4553; x_wconf 83' lang='lat' dir='ltr'>di</span> <span class='ocrx_word' id='word_1_330' title='bbox 1128 4488 1310 4572; x_wconf 84' lang='lat' dir='ltr'>artigiieris</span> <span class='ocrx_word' id='word_1_331' title='bbox 1344 4488 1406 4551; x_wconf 83' lang='lat' dir='ltr'>ohe</span> <span class='ocrx_word' id='word_1_332' title='bbox 1440 4486 1529 4551; x_wconf 81' lang='lat' dir='ltr'>insse</span> 
     </span>
     <span class='ocr_line' id='line_1_37' title="bbox 365 4595 1530 4682; baseline 0.002 -23"><span class='ocrx_word' id='word_1_333' title='bbox 365 4612 462 4659; x_wconf 71' lang='lat' dir='ltr'>soene</span> <span class='ocrx_word' id='word_1_334' title='bbox 484 4614 542 4679; x_wconf 79' lang='lat' dir='ltr'>per</span> <span class='ocrx_word' id='word_1_335' title='bbox 564 4601 646 4672; x_wconf 80' lang='lat' dir='ltr'>trin,</span> <span class='ocrx_word' id='word_1_336' title='bbox 671 4618 700 4664; x_wconf 86' lang='lat' dir='ltr'>v.</span> <span class='ocrx_word' id='word_1_337' title='bbox 719 4620 761 4682; x_wconf 84' lang='lat' dir='ltr'>g,</span> <span class='ocrx_word' id='word_1_338' title='bbox 776 4605 910 4680; x_wconf 83' lang='lat' dir='ltr'>quattro</span> <span class='ocrx_word' id='word_1_339' title='bbox 933 4601 1080 4675; x_wconf 79' lang='lat' dir='ltr'>breccis,</span> <span class='ocrx_word' id='word_1_340' title='bbox 1101 4596 1143 4664; x_wconf 82' lang='lat' dir='ltr'>&#39;etl</span> <span class='ocrx_word' id='word_1_341' title='bbox 1160 4595 1287 4673; x_wconf 67' lang='lat' dir='ltr'>siesse,</span> <span class='ocrx_word' id='word_1_342' title='bbox 1303 4598 1530 4680; x_wconf 76' lang='lat' dir='ltr'>per-esempin,</span> 
     </span>
     <span class='ocr_line' id='line_1_38' title="bbox 366 4687 1531 4791; baseline 0 -22"><span class='ocrx_word' id='word_1_343' title='bbox 366 4707 560 4788; x_wconf 77' lang='lat' dir='ltr'>seqnisteto</span> <span class='ocrx_word' id='word_1_344' title='bbox 582 4708 666 4774; x_wconf 82' lang='lat' dir='ltr'>dieoi</span> <span class='ocrx_word' id='word_1_345' title='bbox 693 4709 785 4791; x_wconf 80' lang='lat' dir='ltr'>gradi</span> <span class='ocrx_word' id='word_1_346' title='bbox 809 4710 842 4773; x_wconf 88' lang='lat' dir='ltr'>di</span> <span class='ocrx_word' id='word_1_347' title='bbox 868 4707 1020 4785; x_wconf 71' lang='lat' dir='ltr'>velociti,</span> <span class='ocrx_word' id='word_1_348' title='bbox 1043 4730 1061 4774; x_wconf 87' lang='lat' dir='ltr'>e</span> <span class='ocrx_word' id='word_1_349' title='bbox 1083 4711 1145 4774; x_wconf 75' lang='lat' dir='ltr'>sire</span> <span class='ocrx_word' id='word_1_350' title='bbox 1168 4687 1230 4772; x_wconf 81' lang='lat' dir='ltr'>oon</span> <span class='ocrx_word' id='word_1_351' title='bbox 1254 4709 1362 4788; x_wconf 83' lang='lat' dir='ltr'>questi</span> <span class='ocrx_word' id='word_1_352' title='bbox 1386 4715 1531 4771; x_wconf 83' lang='lat' dir='ltr'>entrssso</span> 
     </span>
    </p>
   </div>
   <div class='ocr_carea' id='block_1_3' title="bbox 0 0 1894 5759">
    <p class='ocr_par' dir='ltr' id='par_1_7' title="bbox 0 0 1894 5759">
     <span class='ocr_line' id='line_1_39' title="bbox 0 0 1894 5759; baseline 0 0"><span class='ocrx_word' id='word_1_353' title='bbox 0 0 1894 5759; x_wconf 95' lang='lat' dir='ltr'> </span> 
     </span>
    </p>
   </div>
  </div>
 </body>
</html>
