3775 5759
806 689 957 734 otosusrs
982 689 1115 745 onasus.
1472 671 1536 738 239

374 807 630 887 superveniente
656 823 735 869 vero
756 823 837 870 casu
863 824 919 888 por
941 807 1007 878 lib.
1030 807 1163 871 conticit
1187 807 1397 872 altitudinem
1417 808 1489 881 stu
1505 816 1537 872 et

374 913 527 993 parabola
564 914 615 978 BC
650 913 865 995 designatur,
898 915 995 996 atejus
1030 916 1172 995 impetus
1205 915 1238 978 iu
1274 918 1415 981 termino
1438 918 1462 983 C
1489 924 1537 981 est

371 1021 572 1102 compositus
596 1039 637 1083 ex
662 1022 827 1102 aequabili
860 1021 1097 1094 transversall‚
1131 1021 1230 1104 cujus
1263 1028 1465 1088 momentum
1489 1030 1538 1087 est

373 1138 409 1194 ut
432 1132 510 1203 ΑΒ,
537 1136 569 1193 et
596 1147 637 1193 ex
665 1130 770 1194 allero
797 1135 965 1194 momento
992 1130 1156 1210 acquisito
1179 1130 1212 1192 in
1236 1128 1395 1194 descensu
1425 1130 1479 1194 BD
1502 1131 1536 1194 in

372 1241 514 1303 termino
537 1240 566 1303 ll
587 1256 644 1303 seu
668 1238 714 1309 C:
738 1255 823 1319 quae
846 1247 1013 1303 momenta
1036 1238 1189 1320 aequalia
1213 1245 1300 1303 sunt.
1325 1238 1358 1305 Si
1381 1257 1460 1323 ergo
1483 1241 1534 1304 in·

371 1348 575 1431 alligamus,
593 1349 650 1412 BA
667 1348 804 1412 alterius
827 1348 960 1412 illosum
977 1365 1048 1413 esse
1063 1365 1263 1433 mensuram,
1283 1354 1320 1411 ut
1336 1355 1415 1429 puta
1429 1354 1536 1413 traus-

370 1455 511 1520 versalis
533 1457 737 1538 aequabitisz
762 1457 801 1520 Bl
826 1475 914 1529 vero,
939 1473 1025 1538 quae
1050 1457 1112 1539 ipsi
1137 1456 1192 1521 BD
1213 1463 1263 1521 ost
1287 1457 1443 1539 aequalis,
1464 1477 1535 1524 esse

370 1582 560 1658 mensuram
585 1566 727 1647 impetus
754 1566 911 1647 acquisiti
935 1567 969 1630 in
994 1566 1022 1628 ll
1049 1582 1108 1630 seu
1142 1565 1189 1631 C:
1224 1567 1381 1632 subteusa
1405 1568 1446 1630 ld
1470 1570 1533 1632 erit

370 1672 540 1753 quantitas
560 1676 720 1738 momenti
743 1674 918 1754 compositi
942 1693 984 1737 ex
1008 1675 1190 1738 ambobus:
1212 1676 1276 1738 erit
1299 1692 1379 1757 ergo
1400 1679 1534 1758 quanti·

371 1786 433 1854 tas,
456 1798 513 1845 scu
537 1800 690 1846 mensura
713 1784 831 1865 integri
857 1783 1027 1856 momenti,
1042 1799 1108 1862 quo
1127 1765 1310 1864 projectum
1327 1783 1461 1846 veniens
1478 1801 1534 1865 per

372 1888 561 1970 parabolam
584 1889 636 1957 BC
658 1892 820 1973 impetum
845 1890 923 1955 iacit
942 1891 975 1954 in
995 1890 1031 1956 C.
1051 1891 1110 1955 llis
1125 1892 1271 1963 retentis.
1292 1891 1477 1972 accipiatur
1498 1894 1532 1956 in

371 1999 529 2079 parabola
548 1998 715 2081 quodlibet
739 2005 896 2080 puuctum
915 1998 953 2071 E.
970 1999 1004 2062 iu
1020 2016 1087 2079 quo
1109 1998 1150 2061 de
1173 1999 1298 2080 impetu
1323 1999 1459 2081 projecti
1475 2001 1534 2064 de-

369 2106 613 2173 terminandum
635 2108 689 2172 sit.
711 2108 861 2173 Ducatur
883 2107 1099 2181 horizontalis
1122 2105 1192 2181 EF,
1215 2111 1248 2169 ct
1272 2107 1462 2186 accipiatur
1478 2108 1533 2175 BG

369 2210 480 2275 media
503 2213 756 2293 proportionalis
779 2215 864 2277 inter
890 2213 954 2286 BD,
970 2213 1032 2278 BF.
1049 2213 1197 2295 Cumque
1217 2214 1322 2294 posita
1338 2215 1380 2277 sit
1400 2215 1454 2279 ΑΒ
1472 2235 1529 2281 seu

368 2323 424 2389 ΒΟ
446 2340 519 2389 esse
541 2342 695 2390 mensura
714 2325 870 2407 temporis
885 2333 917 2390 et
934 2325 1093 2390 momenti
1110 2325 1294 2391 velocitatis
1318 2327 1351 2389 in
1375 2343 1457 2391 casu
1476 2327 1531 2392 BD

368 2449 410 2495 ex
425 2432 537 2513 quiete
555 2434 589 2497 in
609 2433 650 2507 B;
668 2435 732 2498 erit
750 2433 807 2500 BG
827 2440 966 2514 tempus,
982 2450 1041 2497 seu
1058 2451 1212 2498 mensura
1231 2437 1387 2515 temporis
1410 2437 1443 2497 et
1466 2436 1531 2498 im·

368 2547 463 2620 petus
496 2540 532 2604 in
565 2540 611 2616 F,
647 2543 809 2607 venientis
832 2561 874 2606 ex
896 2543 932 2606 Β.
956 2541 988 2607 Si
1014 2542 1118 2625 igitur
1141 2548 1282 2624 ponatur
1304 2540 1360 2606 ΒΟ
1383 2544 1532 2625 aequalis

367 2646 446 2723 BG,
462 2647 579 2731 juncta
602 2649 788 2732 diagonalis
804 2648 862 2714 ΔΟ
876 2651 939 2714 erit
954 2650 1123 2731 quantitas
1139 2653 1280 2732 impetus
1296 2653 1329 2716 iu
1350 2659 1473 2733 puncto
1488 2655 1531 2725 Ε;

366 2762 417 2821 est
439 2757 528 2824 enim
550 2758 606 2823 ΔΒ
622 2758 881 2833 determinatus
904 2762 1010 2841 posita
1035 2763 1192 2843 temporis
1214 2771 1246 2826 et
1268 2765 1411 2844 impetus
1430 2765 1465 2829 in
1483 2766 1531 2839 Β.

365 2867 423 2949 qui
446 2886 625 2935 conversus
641 2870 674 2934 ln
690 2868 896 2942 horizontali
918 2887 1048 2951 semper
1063 2878 1218 2936 servatur
1240 2871 1350 2936 idem:
1374 2871 1431 2937 ΒΟ
1453 2891 1532 2937 vem

367 2976 562 3042 determinat
585 2978 745 3060 impetum
769 2979 801 3041 in
826 2978 851 3043 F
873 2996 931 3042 seu
955 2977 982 3042 Β
1007 2996 1063 3059 per
1086 2979 1280 3044 descensum
1304 2999 1345 3044 ex
1370 2984 1481 3063 quiete
1497 2985 1529 3048 in

367 3090 663 3162 intestatoque
687 3092 749 3167 ΒΒ,
772 3091 824 3155 bis
848 3097 959 3154 autem
984 3092 1060 3164 AB,
1085 3089 1140 3155 ΒΟ
1164 3093 1310 3173 potentia
1331 3094 1531 3176 aequipollet

367 3195 437 3263 ΔΟ.
460 3200 555 3265 Patet
575 3216 654 3281 ergo
675 3201 762 3282 qnod
784 3200 1016 3280 quaerebatur.

456 3417 552 3484 sici.
572 3418 619 3483 La
647 3418 927 3501 contemplacione
961 3418 1012 3482 del
1047 3422 1314 3501 componimento
1350 3421 1384 3484 di
1419 3423 1526 3503 questi

364 3528 479 3610 impeti
504 3528 649 3605 diversi,
671 3546 690 3592 e
711 3528 796 3592 della
821 3523 972 3609 quantita
1005 3528 1037 3592 di
1073 3528 1309 3612 quell’impeto
1329 3528 1392 3593 che
1413 3529 1457 3593 da
1483 3529 1528 3594 tal

364 3638 518 3704 mistione
539 3655 581 3703 ne
608 3638 738 3709 risulta.
762 3638 805 3701 mi
831 3639 953 3721 giugne
977 3643 1068 3704 tauto
1090 3654 1201 3702 nuova
1224 3636 1286 3723 obe
1309 3639 1355 3701 mi
1376 3637 1480 3702 lascis
1498 3638 1530 3699 la

364 3752 472 3812 wate
495 3747 531 3811 in
553 3765 620 3812 uon
645 3747 770 3829 piacola
793 3745 996 3811 contusione.
1019 3745 1092 3813 Non
1115 3747 1191 3811 dico
1213 3745 1300 3810 della
1324 3747 1478 3811 mistione
1494 3747 1528 3810 di

361 3854 429 3919 due
450 3856 645 3923 moumenti
669 3856 835 3938 equabili,
869 3849 996 3919 benoni
1020 3861 1070 3919 tra
1093 3856 1125 3920 di
1150 3855 1221 3919 toro
1244 3854 1431 3937 diseguall‚
1455 3854 1527 3919 tutti

362 3979 435 4030 uuo
456 3980 514 4047 per
534 3960 568 4032 [ι
590 3966 677 4031 lines
698 3965 897 4030 orinzontale
919 3980 938 4027 e
963 3962 981 4026 l'
994 3964 1080 4028 altro
1103 3980 1160 4045 per
1182 3963 1215 4029 la
1238 3961 1529 4046 perpendicolase‚

362 4072 427 4138 ebe
438 4072 474 4137 di
485 4074 592 4156 questi
605 4081 692 4139 sesto
703 4074 923 4156 capacissimo
937 4070 1016 4136 lassi
1039 4088 1085 4135 un
1108 4076 1200 4136 moto
1211 4072 1246 4136 in
1259 4075 1395 4152 potenza
1411 4070 1529 4154 equale

359 4182 404 4246 ad
420 4181 584 4248 emendae
598 4184 610 4247 i
625 4183 848 4264 componenti,
865 4199 919 4247 ma
938 4180 1098 4246 minusne
1121 4180 1315 4247 contusione
1329 4178 1383 4244 nel
1401 4195 1529 4244 meseo-

359 4291 509 4357 tamento
529 4290 816 4359 dell’oriazontale
839 4291 1013 4375 equabile,
1040 4308 1059 4354 e
1087 4289 1354 4375 perpendiculare
1376 4285 1544 4353 natural·-

361 4403 477 4464 nente
497 4400 691 4465 suculento.
715 4396 800 4464 Pero
823 4398 931 4464 vorrei
947 4397 1009 4463 otte
1025 4399 1163 4464 insieme
1180 4397 1391 4481 digerissimo
1406 4392 1528 4478 meglio

357 4510 481 4588 questa
501 4508 650 4575 materis.

429 4614 520 4681 San.
543 4614 592 4683 Ed
616 4617 650 4682 io
674 4623 765 4684 lanto
789 4613 846 4701 pii
868 4637 908 4683 ne
931 4637 991 4685 son
1015 4620 1206 4700 bisogooso‚
1231 4624 1355 4699 quanto
1377 4617 1439 4681 ebe
1462 4632 1526 4679 non

358 4741 440 4789 sono
463 4740 567 4791 anaor
590 4724 782 4791 totslmente
804 4728 951 4809 quietate
974 4728 1007 4792 di
1034 4730 1152 4800 mente,
1173 4740 1268 4787 come
1288 4724 1424 4807 bisogna
1442 4723 1526 4788 nelle
