3775 5759
359 633 422 698 180
662 642 807 692 nrinounr
830 642 932 690 nenne
957 639 1060 688 ruore
1083 639 1210 696 soranae

357 770 379 833 ii
398 773 486 833 moto
503 766 664 850 equando,
681 765 703 829 it
721 765 776 829 oui
792 763 895 846 grado
912 763 945 827 di
966 757 1110 827 retortu
1126 762 1176 826 sin
1194 757 1360 840 reddunto
1374 757 1407 821 ai
1422 754 1521 839 gradu

358 876 514 941 massimo
540 874 620 945 (ΞΒ;“·
638 849 776 938 essendo
807 872 941 952 dunque
975 871 1099 952 omenti
1123 869 1146 934 ii
1169 866 1235 933 doe
1256 866 1348 949 spari
1372 865 1451 939 AC,
1469 865 1521 930 ΑΒ

355 1005 416 1050 con
440 985 460 1048 Ι’
473 986 588 1049 istesso
611 988 701 1047 moto
721 979 882 1063 equabde,
904 973 1001 1060 grie
1027 976 1211 1051 manifesto,
1236 992 1293 1058 per
1313 975 1347 1040 ia
1373 973 1519 1056 propad-

358 1098 450 1160 zione
473 1095 579 1177 prima
603 1091 655 1155 det
681 1091 798 1172 primo,
813 1089 874 1153 ciro
890 1090 900 1152 i
922 1088 1022 1169 temni
1038 1085 1089 1151 de·
1103 1085 1257 1170 nessani
1271 1097 1521 1158 sarannoeome

357 1208 400 1290 gii
426 1205 515 1287 spari
541 1202 722 1267 medesimi.

825 1354 1065 1431 eunomianum

447 1538 530 1602 ilino
554 1535 733 1617 ootiigitur,
758 1539 904 1616 tempora
928 1532 1145 1597 descensuum
1169 1546 1267 1612 super
1285 1526 1394 1610 manis
1412 1525 1520 1590 diver

358 1646 490 1712 simode-
506 1643 685 1717 inotinatis,
705 1642 788 1707 dum
811 1647 921 1706 tamen
944 1656 1060 1705 eorum
1083 1638 1197 1703 eadem
1221 1638 1264 1702 sit
1280 1635 1519 1709 ekvatiuesra

271 1788 275 1796 ·
359 1756 444 1819 inter
466 1770 522 1819 se.
556 1756 593 1814 ut
615 1765 732 1814 eorum
756 1747 990 1831 longitudines.
1020 1745 1056 1812 Si
1076 1746 1167 1811 onim
1189 1743 1400 1826 intedigatur
1433 1742 1521 1807 alind

358 1861 493 1943 pianum
514 1858 581 1923 Au
603 1860 697 1922 est
713 1854 910 1920 adeundam
930 1855 1134 1920 horizontem
1150 1853 1205 1921 CB
1221 1851 1453 1925 terminatum.
1465 1848 1518 1913 de·

359 1967 595 2032 monstrabitur
629 1965 772 2045 pariter,
796 1969 924 2044 temnus
948 1963 1124 2028 descensus
1158 1977 1215 2042 ner
1231 1959 1302 2060 ,ddi
1326 1957 1369 2022 ad
1395 1962 1521 2038 temnus

359 2092 417 2157 nor
441 2074 497 2140 ΑΒ
517 2090 610 2149 esse,
633 2078 669 2136 ut
691 2071 779 2136 tinea
802 2071 868 2139 am
891 2069 933 2137 ad
956 2071 1028 2146 AB:
1050 2075 1089 2139 ut
1111 2076 1224 2135 anum
1246 2073 1377 2150 temnus
1402 2068 1459 2133 ΔΒ
1482 2067 1520 2131 ad

360 2189 489 2265 tempus
511 2198 568 2264 per
586 2180 653 2254 AG.
675 2178 830 2244 italinea
852 2179 908 2243 AB
930 2177 974 2243 ad
996 2177 1067 2245 AC:
1091 2194 1172 2260 ergo
1187 2193 1231 2240 ex
1246 2175 1393 2258 nsandi,
1407 2175 1446 2240 dt
1462 2173 1520 2243 ΔΙ

357 2270 1267 2366 mmmmmfflfflmmmwffl

668 2445 844 2510 Tannum
867 2436 923 2520 Ν,
945 2444 1133 2543 Prorosrrro
1153 2438 1210 2509 iv.
1277 2482 1289 2510 0

453 2606 602 2691 Temnon
625 2607 780 2673 totioaom
800 2624 896 2691 super
916 2608 1020 2690 omum
1037 2607 1233 2692 ommibus,
1246 2608 1303 2674 sod
1315 2609 1523 2694 inquunt

359 2719 530 2794 iactiuotis,
548 2726 626 2782 ruat
645 2719 730 2781 iuter
750 2735 783 2781 se
804 2719 840 2780 io
861 2716 1016 2799 reddunto
1037 2718 1166 2783 ratione.
1180 2719 1387 2785 aasumensi
1409 2738 1523 2787 aar*

359 2827 430 2891 dom
448 2827 618 2908 nouorum
636 2827 842 2907 omotario·
864 2835 1001 2908 arrepto.

414 2961 418 2971 ·
450 2934 522 3001 Sint
544 2953 586 3003 ex
608 2934 723 3001 eodem
747 2935 888 3000 torino
907 2937 936 3003 Β
959 2933 971 3020 (
984 2934 1054 3018 Fio.
1079 2935 1144 3021 5³)
1169 2937 1266 3020 niana
1284 2939 1452 3022 emunita,
1471 2939 1523 3005 sei

365 3043 583 3125 inaequaliter
606 3046 774 3119 inclinata,
797 3047 863 3119 ΒΑ,
886 3046 950 3120 ΒΕ,
972 3051 1004 3109 et
1028 3047 1136 3111 ductis
1159 3048 1227 3123 ΔΕ,
1251 3048 1305 3115 Cl)
1325 3048 1422 3114 tineis
1436 3050 1524 3115 bori·

364 3157 548 3222 zontatibus
583 3159 625 3223 ad
652 3158 921 3240 perpendiculum
945 3175 1049 3238 usque
1072 3157 1141 3220 BD:
1165 3162 1235 3221 esto
1267 3158 1355 3238 pieni
1379 3159 1438 3222 ΒΑ
1460 3159 1524 3223 eie·

363 3265 545 3338 emindii,
569 3266 656 3346 niani
681 3284 760 3330 vero
782 3265 833 3337 BC
857 3267 1000 3331 elevatio
1022 3267 1064 3329 sit
1089 3265 1390 3347 timotianorum
1414 3268 1525 3332 eiera-

361 3377 488 3437 tionum
513 3373 577 3445 DB.
602 3376 654 3438 BE
672 3375 779 3438 media
799 3374 1048 3455 proportionatis
1067 3375 1110 3438 sit
1127 3376 1182 3448 Β1;
1200 3380 1342 3449 constat,
1361 3378 1526 3442 rationem
1551 3432 1558 3449 .

362 3481 417 3544 ΒΒ
440 3481 482 3542 ad
505 3482 544 3544 ΒΙ
566 3498 637 3544 esse
659 3480 858 3562 suddurdam
881 3481 1019 3545 rationis
1038 3482 1092 3547 ΒΒ
1114 3482 1158 3545 ad
1182 3483 1245 3547 BE.
1270 3483 1351 3547 Dico
1365 3482 1450 3564 lam,
1474 3501 1527 3548 ra·

363 3587 483 3650 tionem
508 3592 692 3668 temporum
716 3589 944 3658 descensuum.
968 3606 1026 3652 seu
1043 3588 1204 3654 tatianum
1223 3607 1322 3671 super
1338 3590 1446 3671 pinnis
1462 3593 1528 3667 Bit,

365 3696 425 3770 BC,
441 3714 513 3761 esso
530 3696 668 3761 eandem
684 3715 763 3762 cum
778 3699 905 3761 ratione
926 3698 979 3763 ΒΒ
995 3699 1037 3762 ad
1054 3699 1094 3765 ΒΙ
1111 3701 1323 3779 permutatim
1340 3708 1528 3782 assumpte:

364 3810 400 3870 ut
422 3805 548 3870 scilicet
563 3806 718 3885 temporis
735 3824 792 3886 per
808 3808 862 3870 ΒΑ
883 3807 1056 3888 homotoga
1073 3808 1115 3871 sit
1130 3807 1274 3873 elevatio
1288 3808 1429 3874 atterius
1440 3810 1530 3892 niani

364 3914 431 3987 BC,
454 3932 569 3995 nempe
593 3915 661 3985 ΒΒ.
687 3918 842 3997 temporis
866 3934 944 3980 vero
969 3934 1025 3998 per
1048 3916 1099 3982 BC
1125 3916 1301 4002 homoioga
1323 3919 1367 3983 sit
1390 3919 1442 3987 ut.
1466 3919 1532 3983 De·

366 4023 612 4088 monstrandum
638 4026 772 4106 proinde
794 4031 855 4100 est.
879 4032 1008 4106 tempus
1032 4043 1088 4107 per
1111 4028 1166 4091 ua
1188 4028 1230 4091 ad
1256 4034 1384 4110 tempus
1403 4047 1463 4110 per
1481 4030 1532 4097 BC

363 4150 445 4207 esse,
469 4140 505 4196 ut
529 4135 582 4199 ΒΒ
605 4136 647 4199 ad
671 4139 720 4202 ΒΙ.
746 4139 893 4203 Dneatur
916 4139 964 4212 is,
987 4139 1050 4220 ipsi
1074 4139 1127 4206 DC
1151 4141 1390 4222 aequidistans3
1404 4145 1532 4226 etquis

360 4241 429 4323 jnm
453 4242 710 4307 demonstratum
734 4252 794 4320 est,
818 4251 945 4326 tempus
969 4247 1142 4313 descensus
1174 4268 1230 4330 ner
1254 4252 1307 4314 ΒΑ
1331 4252 1375 4316 ad
1397 4257 1533 4335 tempus

363 4368 460 4415 casus
485 4369 540 4433 per
564 4354 832 4432 perpendicutum
858 4356 909 4419 BE
933 4374 1015 4430 esse,
1038 4365 1075 4421 ut
1092 4359 1162 4439 ipsa
1179 4361 1234 4426 lid
1250 4361 1292 4424 ad
1312 4362 1381 4426 BE:
1400 4367 1534 4447 tempus

366 4478 443 4523 voro
467 4478 521 4541 per
545 4462 596 4527 ΒΕ
620 4463 662 4526 nd
687 4469 815 4544 tempus
839 4482 896 4545 per
919 4466 987 4539 ΒΒ,
1017 4474 1053 4531 ut
1079 4470 1130 4533 ΒΕ
1154 4472 1196 4533 ad
1223 4471 1270 4541 ΒΙ,
1295 4476 1426 4554 tempus
1452 4491 1534 4538 vern

367 4586 420 4647 uer·
446 4570 499 4634 ΒΒ
521 4571 561 4635 ad
588 4579 716 4654 tempus
741 4591 795 4654 per
822 4574 883 4647 BC,
909 4583 944 4637 ut
972 4577 1025 4639 ΒΒ
1040 4577 1082 4640 ad
1100 4579 1163 4653 BC,
1179 4597 1237 4644 seu
1253 4582 1293 4645 Bl
1308 4583 1348 4645 ad
1369 4583 1433 4655 us;
1452 4602 1534 4668 ergo

365 4694 404 4736 rx
430 4679 558 4757 aequati
585 4686 711 4760 tamnus
737 4699 791 4761 prr
818 4684 868 4746 ΒΑ
895 4683 934 4745 ad
962 4689 1089 4766 tompus
1114 4705 1169 4766 per
1196 4689 1243 4753 ut:
1268 4691 1340 4763 orit,
1358 4701 1392 4755 ut
1418 4694 1469 4758 ΒΑ
1488 4695 1532 4758 ad
