3775 5759
985 579 998 623 ι

343 682 434 750 ,Ε82
674 697 817 744 orsesium
842 696 943 742 nunna
969 695 1069 742 nuova
1092 691 1219 743 screnus

369 843 442 908 pars
464 830 581 907 quarta
607 825 711 906 posita
734 830 792 887 est.
816 825 929 904 ltaque
953 829 1111 904 punctum
1131 825 1157 888 V
1178 824 1292 889 vertici
1318 821 1530 905 propinquius

367 941 413 997 cst
438 951 537 1015 qunm
563 937 721 1013 punctum
746 931 777 996 S.
801 930 896 1008 Quod
919 929 1156 994 ostendendum
1180 935 1265 994 erat.

799 1100 985 1166 Pnorossnio
1008 1101 1090 1166 viti.

456 1258 541 1321 Cone
563 1257 635 1322 dutc
654 1266 753 1339 polest
773 1261 877 1342 pyum
899 1258 1132 1330 circumscribi,
1158 1268 1186 1323 ct
1209 1258 1309 1326 altere
1330 1259 1461 1324 inscribi
1490 1278 1532 1325 cc

364 1366 511 1448 cylindris
531 1365 693 1449 nequclcm
714 1367 914 1431 altitudinem
932 1367 1126 1442 dolentibus,
1149 1371 1195 1435 itu
1218 1379 1253 1433 ut
1269 1369 1460 1454 timuerim
1475 1372 1528 1435 iu·

364 1486 410 1539 ter
431 1486 575 1543 centrum
597 1479 763 1558 pravitatis
785 1479 1048 1560 circumscriptae,
1073 1489 1102 1544 ct
1124 1488 1268 1544 centrum
1286 1479 1453 1560 pruoilntis
1478 1482 1530 1542 in·

362 1587 493 1668 scriptae
514 1588 725 1667 intercipitur,
747 1587 851 1651 minor
872 1588 913 1650 sit
936 1603 1134 1669 quocumque
1153 1588 1237 1652 lineo
1257 1588 1431 1670 preposite.

452 1693 500 1758 Sit
522 1694 620 1758 datus
642 1712 746 1758 conus
771 1691 865 1779 (Fiy.
891 1691 954 1760 1³7
968 1691 991 1778 i,
1014 1695 1112 1777 cujus
1134 1695 1207 1759 nxis
1226 1693 1292 1768 ΑΒ,
1315 1694 1394 1758 dete
1417 1701 1529 1761 sutem

364 1807 453 1864 reeta
476 1801 518 1866 sit
540 1803 581 1867 K.
606 1802 710 1876 Βίους
734 1809 918 1884 exponatur
939 1801 1111 1884 cylindrus
1134 1801 1159 1867 i,
1182 1802 1332 1884 aequalis
1353 1804 1399 1877 ei,
1420 1804 1529 1887 quiin

362 1928 446 1973 cono
469 1911 680 1984 inscribitur,
703 1911 914 1975 altitudinem
951 1912 1075 1975 hebens
1099 1911 1277 1977 dimidium
1301 1911 1375 1976 axis
1397 1912 1467 1987 AB,
1496 1919 1529 1976 'ei

365 2019 418 2082 iii
442 2019 610 2085 dividatur
632 2022 666 2086 in
689 2020 725 2093 C,
752 2017 798 2085 iia
823 2027 860 2085 ut
884 2019 937 2086 AC
964 2021 1068 2103 ipsius
1090 2021 1143 2088 CB
1167 2021 1265 2104 triple
1287 2023 1349 2097 sit,
1370 2026 1404 2085 et
1427 2037 1528 2103 quem

363 2128 521 2192 rationem
552 2130 650 2193 habet
673 2128 727 2195 AC
752 2129 794 2192 ad
817 2129 859 2203 Κ,
878 2130 968 2223 ΙΙιιιιιιι
989 2128 1111 2194 habeat
1137 2127 1309 2211 cylindrus
1333 2130 1357 2194 i
1380 2130 1426 2195 ed
1448 2129 1528 2195 soil·

362 2236 441 2301 dum
458 2237 496 2301 Χ.
509 2236 600 2303 Gonu
615 2249 730 2303 autem
743 2237 1039 2302 circumscribalur
1051 2237 1158 2320 ligures
1170 2256 1212 2302 ex
1227 2238 1388 2321 cylindris
1403 2253 1528 2320 aequm

363 2346 425 2409 iem
449 2346 657 2411 altitudinem
681 2346 887 2417 habentibus,
910 2350 942 2409 et
965 2345 1070 2409 altera
1093 2346 1374 2421 inscripsimus
1399 2353 1439 2411 ut
1459 2347 1527 2411 cir·

362 2456 564 2537 cumscripta
578 2454 717 2520 excedet
736 2455 927 2536 inscriptam
947 2455 1065 2518 minori
1080 2456 1276 2536 quantitate,
1290 2470 1391 2537 quum
1414 2456 1458 2520 sit
1475 2471 1528 2520 so·

363 2564 465 2629 lidum
479 2565 520 2640 li;
532 2566 639 2647 sitque
651 2564 921 2644 circumscriptae
934 2564 1106 2645 gravitatis
1117 2569 1267 2629 centrum
1279 2561 1319 2638 E,
1328 2563 1418 2646 quod
1430 2563 1526 2628 cadet

361 2691 460 2756 supra
475 2674 515 2750 (23
532 2676 708 2756 inscriptae
725 2689 803 2738 vero
819 2677 970 2737 centrum
987 2673 1030 2736 sit
1045 2671 1078 2748 S,
1094 2671 1215 2738 cedens
1226 2673 1288 2738 snb
1303 2671 1339 2740 Ο.
1356 2671 1529 2755 illuuiem,

364 2783 413 2848 ΕΒ
432 2784 554 2848 lincam
577 2783 647 2864 ipse
664 2782 694 2846 K
712 2782 873 2846 minorem
888 2799 969 2846 esse.
986 2781 1072 2846 Nam
1088 2783 1115 2845 ei
1133 2799 1212 2856 non;
1237 2777 1378 2865 ponatur
1390 2781 1453 2865 ipsi
1471 2779 1526 2847 Cli

362 2892 508 2973 inequalis
532 2890 611 2957 EO:
633 2890 710 2971 quin
734 2889 836 2972 igitur
858 2887 915 2954 ΟΕ
939 2889 980 2952 ad
1005 2888 1035 2953 ti
1057 2888 1196 2954 eandem
1230 2873 1328 2953 innuet
1364 2888 1527 2952 cntionem

360 3020 461 3083 ‹yunm
485 3002 510 3065 L
534 3000 576 3064 ad
604 3001 646 3074 x,
671 3000 827 3082 inscripta
851 3017 930 3064 nero
954 2999 1059 3085 ligura
1085 3002 1191 3066 minor
1214 3004 1351 3065 nonest
1375 2997 1527 3081 cylindro

362 3111 402 3184 ις
419 3126 573 3175 excessus
589 3113 714 3182 nutem,
737 3127 803 3191 quo
826 3109 913 3173 dicta
939 3107 1046 3193 ligure
1070 3126 1090 3173 a
1112 3109 1364 3190 circumscripta
1387 3119 1527 3190 supera·

362 3227 436 3294 tur,
466 3220 574 3283 minor
600 3225 649 3283 est
672 3216 777 3283 solido
802 3219 844 3292 x:
868 3219 1026 3299 iuscripta
1061 3217 1165 3302 igitur
1199 3216 1306 3299 ligure
1328 3217 1371 3282 sd
1400 3216 1529 3281 dietum

360 3343 533 3392 excessum
568 3328 727 3410 majorem
761 3327 921 3391 rationem
944 3325 1078 3391 habehit
1099 3341 1199 3407 quam
1223 3319 1279 3389 OE
1302 3323 1346 3388 sd
1369 3323 1418 3399 iic
1443 3323 1529 3388 cutio

360 3446 471 3502 autem
499 3434 557 3501 ΟΕ
580 3438 621 3498 ad
644 3436 673 3500 ii
707 3451 770 3499 non
793 3441 842 3501 est
865 3435 973 3499 minor
995 3451 1045 3509 ea,
1067 3449 1169 3515 quam
1191 3433 1290 3496 nebel
1312 3427 1368 3497 ΟΕ
1398 3431 1444 3496 nd
1466 3429 1528 3504 iis,

359 3563 436 3611 cum
460 3543 511 3610 ES
543 3547 773 3625 conponatur
806 3541 978 3606 minerii.
1005 3539 1110 3623 igitur
1144 3538 1304 3621 inscripta
1340 3537 1451 3621 ligura
1485 3534 1528 3602 nd

360 3667 630 3734 excessumque
652 3670 672 3715 a
694 3651 945 3733 circumscripta
963 3653 1149 3731 superatur,
1173 3649 1330 3732 memnoni
1349 3646 1450 3712 hebet
1473 3663 1527 3712 ru·

361 3765 482 3829 tiunem
499 3780 598 3845 quum
613 3761 670 3828 ΟΕ
689 3762 731 3826 ed
747 3759 807 3827 ES.
823 3762 932 3839 Quam
948 3760 1052 3842 igitur
1069 3759 1231 3823 rationem
1248 3758 1347 3822 nabet
1365 3754 1528 3836 inscripta

360 3874 402 3937 ad
424 3872 549 3937 dictum
573 3887 756 3943 excessum,
780 3871 864 3933 lianc
887 3869 1021 3933 habebit
1043 3866 1086 3931 ad
1109 3866 1231 3932 lineam
1249 3865 1403 3933 lestines
1423 3880 1526 3947 quee-

359 3982 436 4046 dsm
460 3980 565 4063 molor
588 3983 658 4064 ipsc
680 3980 755 4052 ΕΟ;
778 3979 821 4043 sit
835 3978 893 4042 ilia
913 3978 985 4052 Eli:
1004 3984 1054 4042 est
1070 3984 1180 4041 nutem
1197 3976 1376 4058 inscriptae
1396 3974 1525 4059 ilpunc

359 4092 509 4152 centrum
526 4089 701 4171 gravitatis
719 4086 755 4160 ὃς
775 4087 1047 4167 circumscriptae
1066 4100 1146 4148 vero
1163 4088 1313 4148 centrum
1324 4086 1375 4148 est
1392 4081 1434 4147 E:
1445 4098 1528 4146 eon·

359 4201 425 4261 slnt
446 4215 525 4281 ergo
547 4198 750 4280 reliquorum
774 4194 973 4279 portionum,
986 4197 1107 4277 quibus
1123 4196 1377 4280 circumscripte
1392 4195 1525 4261 excedit

359 4305 561 4389 inscriptam,
584 4311 734 4368 centrum
758 4305 933 4387 gravitatis
955 4319 1027 4368 esse
1049 4305 1081 4369 in
1105 4304 1192 4369 linea
1215 4304 1283 4380 ΕΕ,
1301 4311 1402 4386 alque
1426 4305 1462 4370 in
1485 4321 1524 4368 eu

359 4419 491 4495 puncto,
514 4431 534 4478 n
556 4429 623 4495 quo
644 4412 692 4477 sie
717 4413 933 4485 terminetur,
960 4418 1117 4495 utquam
1153 4416 1315 4479 rationem
1350 4414 1451 4480 hebel
1475 4413 1526 4477 iu·

357 4524 480 4604 scriptu
503 4523 545 4584 ad
567 4518 671 4585 dictos
706 4523 892 4603 portiones,
915 4522 1052 4586 eandem
1076 4522 1196 4586 lrsbesu
1220 4522 1306 4587 linea
1329 4525 1416 4587 inter
1439 4521 1467 4588 Ε
1491 4527 1521 4583 et

359 4634 517 4711 punctum
541 4626 620 4691 iliud
645 4629 824 4710 intercepta
848 4629 889 4693 ad
914 4629 1033 4693 lineam
1057 4629 1125 4702 ES;
1149 4629 1233 4694 lianc
1255 4647 1332 4695 vero
1356 4631 1518 4696 cntionem

358 4740 456 4804 habet
481 4741 536 4804 iiii
560 4741 600 4804 od
622 4742 691 4810 ES:
710 4761 788 4822 ergo
808 4743 1008 4823 reliquarum
1026 4745 1224 4826 portionum,
1240 4745 1359 4827 quibus
1376 4745 1521 4809 circum·
