3775 5759
726 688 728 693 ,
802 642 954 705 ammana
979 643 1089 691 ranna.
1465 630 1522 695 llil

361 769 489 846 quarta,
511 770 543 827 et
568 767 692 845 primae
707 769 740 828 et
756 765 883 841 tertiae,
901 781 1018 846 nempe
1037 765 1134 846 spatii
1152 766 1207 831 an
1223 771 1256 829 et
1276 767 1431 847 temporis
1451 765 1524 839 ΒΕ,

361 878 489 953 sumpta
513 879 592 936 sunt
615 890 718 955 aeque
742 872 941 954 multiplicia
955 873 1306 955 juxtaquamcunque
1323 875 1526 957 multiplica·

361 983 481 1045 tionem
506 987 635 1063 tempus
658 981 700 1047 ΙΕ
722 989 756 1045 ct
777 982 921 1063 spatium
945 980 1016 1054 GB;
1033 999 1073 1045 ac
1088 981 1348 1047 demonstratum
1371 991 1421 1048 est
1445 984 1526 1048 baec

359 1089 414 1152 vel
448 1106 514 1153 una
547 1090 706 1171 aequari,
742 1090 793 1155 rel
817 1107 883 1153 una
906 1087 1070 1162 delicere.
1094 1090 1145 1152 vel
1171 1106 1237 1153 una
1260 1091 1419 1155 excedere
1442 1098 1527 1156 tern-

360 1217 423 1281 pus
445 1199 503 1263 llll
533 1204 565 1263 et
596 1200 738 1280 spatium
762 1199 834 1269 BH,
853 1214 957 1280 aeque
981 1196 1180 1278 multiplicia
1202 1197 1330 1263 scilicet
1363 1198 1527 1263 secundas

359 1313 394 1367 et
416 1315 568 1386 quartam
590 1322 670 1387 erpo
693 1304 799 1387 prima
822 1305 864 1369 ud
888 1304 1079 1379 secundam,
1102 1310 1219 1386 nempe
1241 1305 1387 1386 spatium
1408 1307 1463 1371 AB
1485 1308 1528 1371 ad

359 1412 505 1495 spatium
527 1411 591 1487 BC,
617 1411 754 1476 eandem
779 1413 877 1481 babet
900 1412 1073 1486 rationem,
1095 1427 1196 1491 quam
1222 1411 1320 1475 tertia
1342 1417 1376 1474 et
1397 1420 1531 1494 quarta,

359 1538 479 1602 nempe
502 1527 630 1601 tempus
653 1519 709 1584 ΒΕ
732 1518 774 1583 ad
799 1526 929 1601 tempus
951 1516 1017 1593 ΕΕ,
1039 1516 1127 1599 quod
1150 1522 1222 1581 erat
1246 1518 1525 1583 demostrandunr.

683 1690 859 1753 Tnaoannr
875 1688 926 1771 ll,
950 1688 1137 1750 Prorosrrro
1160 1684 1199 1749 ll.

457 1852 495 1919 Si
517 1852 629 1920 nostre
654 1853 842 1936 temporibus
869 1853 1055 1936 aequalibus
1088 1852 1152 1917 aaa
1182 1859 1383 1932 pertranseat
1404 1853 1531 1933 spatio,

361 1971 459 2025 erum
480 1963 548 2043 ipro
567 1962 670 2044 spatia
693 1963 776 2025 later
810 1977 842 2024 re
875 1971 910 2023 nt
945 1958 1131 2023 velocitates.
1164 1955 1205 2019 Et
1227 1960 1256 2021 si
1279 1959 1384 2039 spotia
1404 1960 1470 2023 rint
1493 1970 1527 2021 ut

362 2070 552 2147 velocitates,
576 2082 715 2154 nesporo
737 2080 831 2136 erant
854 2069 1009 2152 aspaalia.

453 2184 631 2263 assumpta
652 2182 741 2246 enim
765 2181 925 2263 superiori
951 2178 1070 2261 ligura,
1085 2179 1152 2245 sint
1171 2177 1238 2243 duo
1256 2177 1363 2258 spatia
1386 2178 1452 2247 AB.
1477 2178 1527 2243 BC

363 2296 531 2355 transacta
547 2288 742 2371 aequalibus
757 2288 970 2371 temporibus.
989 2288 1134 2371 spatium
1152 2286 1286 2369 quidem
1304 2286 1360 2351 AB
1374 2302 1451 2351 cum
1471 2303 1530 2348 ve·

363 2399 499 2465 locitate
521 2397 589 2474 ΒΕ.
603 2398 796 2479 etspatium
819 2395 871 2463 BC
894 2412 973 2461 cnm
996 2396 1172 2461 velocitate
1193 2394 1256 2459 EF.
1276 2393 1370 2469 Dico,
1386 2393 1528 2475 spatium

365 2509 420 2574 AB
441 2507 483 2573 ad
508 2508 654 2591 spatium
676 2505 728 2573 BG
751 2524 832 2579 esse,
856 2511 892 2571 nt
912 2506 967 2572 ΒΕ
985 2505 1144 2571 velocitas
1167 2505 1210 2569 ad
1234 2505 1443 2571 velocitatem
1459 2505 1528 2577 EF:

363 2616 507 2699 sumptis
526 2616 617 2681 onim
641 2615 797 2697 utrinque
813 2622 849 2680 ut
866 2631 977 2696 supra,
998 2622 1031 2676 et
1054 2614 1237 2696 spatiorum
1261 2622 1294 2677 et
1318 2613 1529 2678 velocitatnm

363 2742 470 2808 aeque
493 2724 732 2807 multiplicibus
747 2724 928 2789 munuum
944 2738 1178 2805 quameunque
1211 2722 1532 2813 multiplicationem,

364 2832 494 2899 scilicet
515 2830 569 2901 GB
591 2838 626 2901 et
647 2833 689 2897 ΙΕ
714 2833 860 2913 ipsorum
889 2832 944 2897 AB
980 2838 1013 2895 et
1048 2832 1126 2905 ΒΕ,
1163 2832 1349 2913 pariterque
1372 2829 1450 2905 nn,
1473 2832 1532 2897 ΚΕ

364 2944 515 3025 ipsorum
546 2940 624 3015 BC,
658 2940 733 3014 EF,
768 2941 984 3007 concludetur
1012 2958 1068 3022 per
1090 2941 1132 3005 lll
1155 2945 1218 3005 Ax.
1244 2940 1296 3005 vel
1321 2942 1388 3011 tv.
1415 2941 1535 3006 eadam

365 3050 466 3117 morlo
489 3056 526 3115 ut
553 3067 681 3133 supra,
714 3050 913 3131 multiplicia
947 3049 1028 3120 GR,
1062 3052 1103 3115 lE
1128 3053 1179 3115 vel
1206 3068 1271 3115 nna
1295 3050 1457 3127 deficere,
1481 3055 1533 3117 rel

366 3160 527 3241 aequum..
550 3160 602 3226 vel
624 3159 783 3227 excellere
806 3176 910 3240 aeque
933 3158 1133 3240 multiplicia
1157 3159 1234 3232 nn,
1258 3158 1339 3229 Ett;
1375 3161 1478 3241 igitur
1500 3169 1532 3223 ct

366 3266 653 3337 manifestum-est
676 3269 887 3350 propositum.

585 3436 588 3441 '
644 3522 648 3529 Ι
677 3428 853 3491 Turonnna
877 3390 934 3498 nl,
958 3424 1142 3489 Paorosrrro
1166 3425 1216 3489 lll.

456 3590 681 3677 immortua·
704 3594 915 3657 temtantes
937 3578 994 3675 per
1017 3593 1097 3657 aren
1119 3594 1268 3675 ιριιιιιι
1293 3593 1429 3659 aroma
1457 3605 1534 3661 an-

363 3720 446 3786 pora
475 3705 689 3773 uelocitmibus
724 3726 739 3767 e
774 3706 933 3769 contrario
967 3702 1163 3786 nspondem.
1190 3703 1235 3768 Et
1257 3721 1275 3766 e
1298 3718 1483 3778 converso,
1506 3704 1533 3767 si

367 3818 515 3896 tempora
534 3814 765 3881 velocitatibus
788 3831 813 3877 a.
829 3813 997 3878 contrario
1012 3811 1242 3893 respondeant
1260 3812 1395 3878 mobilia
1412 3809 1533 3892 aedua-

368 3921 414 3985 lia
436 3923 546 4005 spatie
566 3923 782 4005 permeabant
806 3920 864 4007 (t).

462 4026 532 4094 Sint
554 4029 746 4095 velocitates
771 4031 960 4112 inaequales
985 4026 1071 4114 (Fip.
1096 4025 1151 4113 bl)
1176 4033 1203 4093 Α
1224 4029 1341 4112 major,
1366 4029 1389 4092 n
1414 4028 1533 4099 minor,

366 4144 402 4200 et
425 4138 604 4203 secundum
625 4143 787 4219 utrunque
803 4137 861 4203 liat
879 4143 989 4202 motus
1015 4155 1070 4218 per
1094 4137 1179 4200 idern
1204 4136 1348 4217 spatium
1366 4135 1430 4201 cn.
1456 4137 1535 4200 Dico

369 4253 524 4328 tempus,
544 4266 609 4330 quo
633 4253 661 4312 b
684 4246 841 4313 velocitas
867 4254 1011 4330 permeat
1035 4246 1180 4329 spatium
1205 4246 1281 4315 cb.
1315 4245 1357 4309 ad
1386 4252 1536 4326 tempus.

367 4373 439 4436 quo
463 4355 619 4422 velocitas
639 4359 667 4423 B
689 4358 776 4421 idem
800 4360 945 4439 spatium
970 4362 1139 4439 permeat.
1162 4375 1249 4430 esse,
1268 4363 1306 4422 ut
1330 4357 1489 4421 velocitas
1514 4357 1538 4419 B

367 4462 414 4527 ad
440 4461 648 4529 velocitatem
672 4469 710 4529 Α.
737 4466 808 4529 Fiat
832 4466 918 4530 enim
944 4474 981 4530 ut
1005 4470 1032 4530 n
1056 4466 1098 4530 all
1121 4467 1157 4539 n,
1184 4466 1229 4529 ita
1254 4465 1365 4531 cbau
1387 4463 1457 4535 cla
1476 4464 1539 4529 erit

443 4708 479 4767 lt)
491 4709 624 4771 Apgirtntu
643 4710 683 4758 nel
702 4710 808 4761 viviani.
