3775 5759
643 679 816 727 speramns
839 681 919 726 stur
944 680 1097 726 irronsrrr
1122 679 1254 735 orituri.
1468 662 1527 725 eit

1508 758 1518 783 Ρ

831 875 945 922 stitus
975 874 1061 921 tutin.

451 1029 533 1093 sris
566 1028 737 1102 conoidis,
760 1030 816 1110 qui
841 1031 884 1093 sit
907 1029 962 1097 cn
986 1027 1082 1114 (Fiy.
1110 1026 1207 1112 129),
1230 1027 1399 1093 dividatur
1424 1030 1456 1093 in
1483 1030 1536 1101 0,

356 1141 406 1203 ita
430 1138 550 1206 uico
566 1140 669 1220 ipsius
684 1138 742 1203 01)
761 1142 803 1203 sit
822 1140 932 1221 dupla.
948 1139 1194 1205 ostendendum
1210 1146 1268 1209 ost.
1286 1148 1437 1207 centrum
1459 1160 1537 1225 gra-

361 1248 478 1312 vitatis
495 1249 674 1331 inscriptae
689 1248 817 1332 figurae
833 1266 904 1314 esse
922 1250 955 1313 in
972 1248 1056 1314 linea
1075 1248 1150 1322 OD:
1168 1249 1441 1332 circumscriptae
1460 1269 1537 1316 vero

358 1363 516 1421 centrum
540 1374 611 1423 csse
633 1360 667 1423 in
691 1346 759 1426 CO}
788 1358 948 1425 secentur
971 1358 1097 1443 figurae
1123 1360 1220 1441 piano
1245 1379 1300 1441 per
1323 1378 1419 1424 arem
1446 1368 1478 1425 et
1502 1363 1537 1429 C.

361 1474 400 1528 ut
435 1465 644 1531 dictumest.
669 1466 754 1545 Quia
780 1467 883 1550 igitur
905 1464 1047 1549 cylindri
1074 1467 1148 1543 Sil,
1172 1468 1256 1541 Til,
1284 1470 1347 1541 Vi,
1373 1468 1428 1533 iiE
1463 1478 1540 1534 sunt

358 1570 452 1634 inter
474 1586 509 1635 se
530 1576 568 1635 ut
589 1572 752 1655 quadrata
776 1573 940 1636 linearum
965 1573 1024 1641 SD.
1050 1574 1117 1647 ΤΝ,
1137 1574 1210 1645 vti,
1231 1576 1289 1645 ΝΡ
1314 1577 1394 1637 haec
1428 1580 1555 1655 autem·

360 1685 443 1743 sunt
465 1676 551 1744 inter
573 1696 609 1744 se
632 1688 670 1745 ut
693 1682 799 1747 lineae
822 1680 901 1753 NG,
923 1680 1008 1755 (ΞΝ,
1033 1682 1083 1752 Gi.
1106 1681 1175 1755 (ῙΕς
1210 1683 1271 1745 hae
1306 1690 1418 1746 autem
1459 1688 1537 1747 sunt

361 1804 436 1851 sese
457 1790 641 1871 aequaliter
662 1792 872 1859 excedentes.
907 1799 940 1855 et
976 1810 1131 1856 excessus
1154 1798 1340 1875 aequantur
1367 1796 1537 1871 minimae,

362 1912 482 1978 nempe
502 1896 582 1973 tit-33
602 1908 717 1982 estque
739 1902 910 1984 cylindrus
934 1902 996 1966 ῬΜ
1020 1902 1171 1983 cylindro
1195 1884 1253 1982 ΟΝ
1284 1904 1455 1985 aequalis3
1478 1922 1538 1986 cy·

362 2006 492 2071 lindius
515 2014 627 2074 autem
649 2010 691 2074 Vi
715 2012 775 2091 ipsi
798 2010 864 2081 ΡΝ,
887 2017 921 2073 et
945 2010 1002 2073 ΝΕ
1021 2009 1082 2091 ipsi
1099 2010 1353 2092 inflammatur:
1374 2028 1453 2094 ergo
1471 2031 1540 2095 cy-

362 2120 463 2183 lindri
485 2116 561 2193 SN,
584 2122 666 2200 QN,
689 2120 766 2195 ΡΝ,
790 2122 844 2186 LN
869 2128 947 2185 suot
971 2138 1041 2185 sese
1064 2120 1246 2201 aequaliter
1268 2118 1477 2194 excedentes,
1500 2126 1533 2183 et

362 2246 519 2295 excessus
542 2235 726 2311 aequantur
748 2208 888 2295 minimo
910 2246 1047 2302 corum,
1072 2246 1188 2310 nempe
1211 2226 1362 2310 cylindro
1385 2228 1450 2293 ΕΝ.
1476 2228 1535 2293 Est

362 2342 476 2403 antem
491 2354 648 2405 excessus
662 2340 803 2422 cylindri
820 2338 874 2405 ΕΝ
887 2357 987 2422 snper
1004 2340 1194 2423 cylindrum
1214 2340 1273 2419 ΟΝ
1292 2340 1424 2417 anulus,
1438 2340 1537 2422 cujus

366 2444 510 2513 altitudo
542 2455 592 2514 est
614 2449 692 2527 ΟΤ,
715 2450 778 2513 hoo
800 2453 850 2513 est
873 2450 946 2521 nm
976 2449 1115 2513 latitudo
1149 2457 1262 2514 autem
1290 2450 1356 2528 SQ:
1380 2466 1534 2514 excessus

362 2562 480 2620 autem
504 2556 647 2638 cylindri
672 2556 732 2635 ΟΝ
755 2541 855 2639 super
875 2558 932 2625 ΡΝ
954 2566 1004 2623 est
1023 2544 1165 2635 anulus,
1187 2560 1284 2642 cujus
1315 2558 1455 2635 latitudo
1490 2563 1539 2623 cst

365 2665 434 2742 ΟΡ,
456 2679 611 2731 excessus
634 2674 744 2729 autem
767 2664 910 2748 cylindri
934 2665 990 2730 ΡΝ
1013 2682 1112 2747 super
1136 2666 1191 2730 ΕΝ
1214 2674 1262 2729 est
1288 2665 1418 2736 anulus.
1443 2666 1540 2748 cuy'us

364 2766 511 2837 latitudo
531 2772 593 2838 rt.
616 2774 728 2852 Quare
751 2773 830 2837 dicti
860 2774 949 2837 anuli
986 2774 1059 2852 ΕΟ,
1084 2774 1161 2852 ΟΡ,
1183 2774 1235 2838 PL
1268 2778 1345 2838 sunt
1380 2774 1466 2838 inter
1500 2788 1535 2837 se

365 2883 522 2965 aequales
543 2886 577 2947 et
598 2882 750 2965 cylindro
772 2880 839 2947 tit.
864 2882 993 2948 Anulus
1016 2882 1120 2966 igitur
1137 2882 1185 2949 ST
1206 2888 1368 2963 aequatur
1386 2879 1539 2964 cylindro

365 2992 454 3063 xis-:-
470 2992 591 3056 annius
614 2991 685 3071 ΟΡ,
707 2992 766 3072 qui
789 2992 895 3073 ipsius
918 2997 969 3055 est
992 2990 1123 3071 duplus,
1140 2994 1302 3069 aequatur
1318 2987 1469 3069 cylindro
1487 2988 1539 3060 vi,

364 3098 424 3181 qni
458 3098 613 3163 similiter
632 3098 775 3182 cylindri
800 3098 860 3163 liii
879 3098 1000 3180 duplus
1023 3101 1095 3173 est,
1117 3104 1151 3160 et
1174 3096 1312 3159 eandem
1338 3098 1380 3159 ob
1401 3112 1537 3159 causum

364 3204 489 3272 annius
511 3206 566 3271 PX
588 3202 740 3288 'cylindro
762 3208 835 3283 Tit,
857 3213 891 3270 et
913 3205 1084 3289 cylindrus
1108 3204 1162 3269 LE
1178 3204 1329 3286 cylindro
1346 3202 1396 3268 SN
1413 3218 1539 3283 aequa·

365 3316 409 3379 iis
431 3314 506 3377 erit.
528 3312 565 3378 in
588 3312 672 3378 libra
706 3316 819 3398 itaque
840 3312 900 3381 ΚΕ
922 3318 1044 3397 puncta
1070 3314 1176 3378 media
1199 3320 1368 3376 rectarum
1394 3310 1457 3383 ΕΙ,
1481 3310 1537 3375 ΒΝ

365 3426 603 3498 connectente,
626 3424 716 3488 etin
742 3404 850 3505 partes
873 3422 1028 3504 aequales
1053 3423 1182 3503 punctis
1206 3418 1259 3496 ii,
1281 3420 1308 3486 G
1332 3415 1551 3493 secta,·sunt¹

367 3528 614 3614 magnitudines
636 3532 822 3613 quaedam,
845 3548 962 3613 nempe
985 3530 1127 3612 cylindri
1153 3528 1216 3604 Sil,
1240 3528 1312 3599 Til,
1339 3526 1390 3599 lli,
1416 3526 1484 3602 ΝΕ,
1509 3534 1542 3589 et

367 3640 544 3723 gravitatis
566 3646 719 3705 centrum
742 3642 838 3723 primi
864 3640 1006 3724 cylindri
1031 3645 1080 3703 est
1105 3640 1149 3710 ii;
1173 3637 1308 3702 secundi
1335 3641 1478 3699 vernest
1496 3634 1540 3704 tu

369 3751 458 3815 tertii
479 3748 532 3824 (33
556 3751 666 3832 quarti
692 3751 725 3814 F.
759 3751 926 3814 Habemus
961 3754 1133 3812 autemst
1161 3748 1261 3811 aliam
1296 3745 1414 3808 libram
1452 3742 1541 3816 ΜΝ,

367 3876 454 3940 quae
486 3866 536 3924 est
571 3860 676 3941 ipsius
705 3859 760 3924 ΕΝ
796 3859 958 3936 dimidia,
983 3858 1185 3937 totidemque
1221 3855 1350 3936 punctis
1374 3853 1407 3914 iu
1434 3860 1540 3931 partes

371 3984 496 4049 aequas
518 3969 704 4043 distributa,
728 3988 844 4052 nempe
867 3968 947 4039 iiiii,
971 3966 1042 4035 ΝΝ,
1061 3964 1134 4037 ΝΚ,
1150 3974 1182 4029 ot
1204 3967 1236 4027 iu
1252 3981 1290 4026 oa
1307 3962 1392 4025 alian
1410 3960 1541 4042 magni-

370 4078 502 4143 tudines
529 4078 608 4154 iilis.
629 4096 714 4160 quas
736 4086 814 4145 suut
837 4080 871 4145 in
896 4079 981 4143 libra
1006 4077 1073 4152 Fii,
1097 4092 1236 4140 numero
1258 4079 1290 4134 ot
1315 4068 1541 4151 magnitudino

371 4185 593 4266 aequciersm
613 4193 730 4257 cantra
754 4188 958 4270 gravitatum
984 4186 1018 4251 in
1041 4184 1145 4267 signis
1168 4184 1215 4254 ii,
1239 4181 1276 4249 ii.
1301 4179 1340 4249 N.
1364 4179 1391 4243 il
1418 4177 1541 4239 haben-

370 4300 431 4367 tes,
455 4297 488 4356 et
509 4293 622 4357 eodem
646 4296 762 4363 ordine
786 4296 964 4376 dispositae
986 4300 1079 4358 suut:
1099 4290 1272 4375 cylindrus
1287 4286 1376 4350 eninr
1395 4284 1448 4347 LE
1464 4297 1542 4344 cen·

369 4406 461 4465 trum
484 4401 657 4483 pravitatis
680 4404 778 4469 iratist
801 4405 835 4467 in
859 4404 905 4477 Μ,
919 4410 954 4469 et
971 4406 1135 4483 aequatur
1150 4396 1302 4483 cylindro
1319 4391 1371 4459 SN
1389 4395 1541 4455 centrum

368 4510 505 4576 uatem
528 4512 562 4579 in
585 4512 632 4579 it:
655 4514 776 4579 anulus
800 4529 880 4579 vero
902 4514 958 4581 ΡΧ
984 4516 1133 4577 centrum
1154 4510 1255 4576 habet
1275 4506 1315 4581 ii,
1330 4509 1363 4567 et
1378 4502 1543 4581 aequatur

369 4617 523 4700 cylindro
543 4618 621 4695 stt,
642 4621 740 4703 cuius
763 4626 914 4687 centrum
938 4626 990 4685 est
1012 4620 1065 4695 ii,
1086 4627 1118 4685 et
1141 4617 1262 4685 anulus
1285 4614 1367 4693 ΟΡ,
1390 4611 1544 4673 centrum

371 4727 504 4801 tianeus,
517 4726 557 4802 Ν,
580 4735 742 4810 aequatur
764 4731 915 4811 cylindro
941 4729 1106 4811 vionius
1125 4734 1276 4793 centrum
1296 4732 1343 4790 est
1364 4722 1410 4791 G:
1432 4720 1465 4779 01
1482 4710 1540 4775 ‘¹0‘
