3775 5759
365 616 428 680 152
665 630 809 679 omnooni
835 631 936 677 onnon
960 630 1063 678 nuova
1088 632 1212 679 senonen

361 760 470 841 igilur,
483 775 525 821 ex
539 758 758 839 praecellenti,
771 763 911 837 tempus,
923 773 989 838 quo
1002 761 1029 821 A
1043 758 1201 822 velocitas
1212 757 1346 823 confinii
1358 757 1423 831 Gi),
1436 755 1523 821 idem

359 885 436 932 aum
461 874 617 949 lampone,
639 884 705 948 quo
728 865 1005 941 nonnionem
1030 867 1087 931 sed
1112 874 1251 949 tempos,
1273 885 1341 949 quo
1365 866 1524 932 velocitas

362 977 385 1039 B
407 973 544 1039 confluit
565 974 630 1049 GE,
654 975 696 1039 ad
715 979 845 1055 tempos
866 991 933 1055 qno
956 975 1070 1040 eadem
1093 975 1229 1041 confluit
1252 976 1317 1049 Gi),
1339 980 1389 1039 est
1412 981 1451 1040 nt
1469 976 1522 1043 GE

360 1084 401 1146 nd
424 1084 500 1157 CB:
523 1102 603 1167 ergo
626 1090 767 1165 tempus,
781 1101 847 1165 qno
866 1084 1026 1149 volontas
1045 1089 1073 1149 A
1091 1085 1225 1150 aooiioil
1242 1085 1307 1160 CI),
1326 1085 1369 1149 od
1384 1090 1524 1168 tompus,

361 1210 428 1274 qno
449 1193 609 1257 veiooilos
634 1194 658 1256 B
682 1191 768 1255 idem
792 1191 847 1258 CD
868 1191 1015 1264 coniicit,
1037 1198 1086 1257 est
1109 1199 1146 1256 ul
1169 1193 1222 1260 GE
1246 1193 1288 1257 nd
1308 1193 1372 1267 CI),
1390 1193 1453 1257 hoo
1475 1199 1524 1259 esi

361 1306 397 1364 ol
421 1302 579 1366 velocitas
602 1302 627 1365 B
651 1301 692 1364 ad
717 1291 927 1365 velocitatem
953 1304 992 1374 A,
1015 1302 1102 1383 quoa
1124 1308 1198 1366 erat
1221 1304 1397 1367 intentum.
1475 1341 1477 1346 -

671 1470 848 1538 Tononmn
871 1470 932 1542 lv.
957 1451 1145 1536 onom'smo
1167 1471 1221 1536 lv.

449 1622 487 1688 Si
509 1625 571 1688 duo
594 1624 719 1689 mobilia
740 1626 889 1707 serantur
912 1633 999 1691 moin
1021 1626 1177 1711 aequabili
1189 1674 1198 1701 ,
1223 1626 1381 1710 inaequali
1416 1636 1521 1691 lamen

360 1732 534 1805 uelocitate,
546 1732 659 1814 opalia,
678 1733 866 1815 temporibus
882 1733 1102 1817 inaequalibus
1121 1735 1160 1799 ab
1177 1735 1251 1817 iqeis
1264 1743 1407 1817 peracta,
1424 1735 1519 1799 noae·

363 1841 443 1904 iuni
464 1842 619 1905 rationem
640 1842 841 1923 eompmilam
857 1859 899 1905 ea
914 1844 1037 1907 ralione
1059 1844 1269 1920 oelooilalum,
1290 1853 1319 1907 el
1341 1861 1383 1908 ea
1400 1845 1522 1910 ratione

366 1958 550 2029 momorum.

452 2058 546 2123 Mola
571 2061 636 2125 sini
661 2060 728 2126 duo
751 2061 887 2126 mobilia
911 2061 959 2135 E,
984 2063 1009 2126 F
1034 2061 1122 2148 (Fiq.
1146 2061 1215 2149 42)·
1230 2069 1321 2128 mola
1345 2063 1521 2146 aequabili,

324 2239 329 2253 ⁸
364 2172 397 2229 et
421 2168 504 2232 runo
529 2169 717 2235 voiooilnlis
752 2169 883 2235 mobilia
906 2169 933 2235 Ε
958 2172 1001 2235 ad
1019 2173 1231 2237 voiooitalem
1255 2174 1388 2239 mobilis
1411 2171 1437 2237 F
1459 2173 1541 2252 sil„

363 2281 451 2341 utA
474 2278 517 2342 ml
540 2279 587 2350 B;
611 2279 770 2359 temporis
793 2295 884 2350 voro.
903 2296 970 2360 qno
993 2286 1147 2345 movelor
1170 2281 1209 2354 Ε,
1231 2282 1274 2345 mi
1294 2273 1439 2362 lempna,
1457 2295 1523 2361 qno

363 2393 516 2455 movetur
546 2390 590 2460 F,
621 2387 707 2452 rniio
733 2389 854 2463 si1,ul
876 2387 901 2455 C
925 2389 967 2452 mi
989 2389 1029 2453 D.
1061 2389 1157 2463 Dino,
1181 2389 1525 2471 spolium·oeroolom

361 2497 404 2561 ab
426 2496 454 2561 Ε
475 2513 554 2561 anm
577 2496 754 2560 oolooilnlo
777 2500 805 2560 A
828 2497 862 2560 io
887 2503 1034 2579 lampone
1056 2499 1093 2571 C,
1116 2498 1158 2562 ad
1181 2499 1330 2579 spatium
1355 2502 1523 2579 paruolum

360 2610 403 2672 ab
427 2608 451 2671 F
474 2624 552 2671 anm
576 2606 753 2671 veiooiiale
773 2599 803 2670 B·
824 2608 858 2671 in
884 2607 1085 2688 temporeo,
1105 2608 1409 2692 inhonorationem
1429 2621 1520 2670 oom-

362 2718 502 2799 poqilam
521 2733 563 2780 ex
586 2716 714 2779 ratione
737 2714 924 2779 valooilnlio
944 2718 974 2778 A
993 2713 1036 2778 nd
1060 2714 1271 2779 velocitatem
1293 2713 1331 2790 B,
1347 2718 1381 2776 ei
1399 2731 1441 2777 ox
1466 2727 1520 2778 ra·

361 2828 450 2890 liooo
470 2825 625 2906 temporis
648 2822 673 2890 G
697 2824 739 2888 nd
765 2830 892 2905 {empus
915 2824 953 2889 Ι).
979 2823 1027 2889 Sil
1050 2825 1194 2905 apuliam
1218 2826 1260 2889 ab
1283 2824 1310 2888 E
1332 2840 1410 2888 oum
1427 2821 1518 2887 velo·

358 2936 461 2999 uitale
486 2936 515 2996 A
538 2932 572 2994 in
597 2938 743 3013 tempore
777 2932 802 2997 C
837 2938 1010 3013 pernotum
1037 2932 1088 3006 G,
1115 2938 1149 2995 el
1179 2940 1215 2997 nt
1246 2932 1406 2998 velocitas
1429 2935 1460 2996 A
1480 2931 1521 2996 ml

364 3043 574 3107 velocilalom
598 3040 634 3112 B,
658 3040 704 3103 ila
729 3041 786 3105 flat
810 3038 839 3107 G
862 3040 903 3104 od
928 3041 956 3115 1;
979 3047 1016 3105 nl
1038 3047 1150 3106 aulam
1174 3046 1305 3123 lemano
1326 3041 1352 3107 C
1376 3039 1418 3104 od
1441 3047 1524 3104 tem·

361 3166 422 3231 pus
446 3149 484 3223 l),
507 3148 555 3212 iia
578 3148 622 3211 sil
644 3149 658 3212 1
680 3148 723 3212 nd
750 3150 799 3225 L,
822 3156 955 3237 constat
977 3150 992 3215 Ι
1013 3167 1092 3215 nose-
1108 3150 1264 3233 santiam,
1287 3129 1354 3230 quo
1373 3155 1525 3215 monolne

362 3258 440 3322 Fin
465 3262 611 3339 tempore
634 3259 764 3334 eodem,
788 3259 823 3322 io
846 3260 958 3341 quoii
983 3266 1111 3326 mota·
1135 3265 1186 3328 osi
1215 3275 1273 3342 por
1297 3258 1336 3333 G,
1352 3275 1432 3324 oum
1451 3275 1524 3342 aqa-

362 3367 409 3430 liu
431 3364 478 3438 G,
504 3367 517 3429 1
540 3367 606 3429 sini
630 3372 666 3429 nt
691 3366 881 3451 velociialos
904 3372 958 3442 A,
981 3370 1028 3434 B:
1053 3374 1086 3432 ei
1109 3385 1186 3434 oum
1203 3368 1265 3440 nii,
1290 3372 1326 3430 ut
1349 3365 1523 3448 lampasi]

360 3474 403 3538 ad
426 3479 555 3555 tompus
578 3475 616 3545 1),
638 3475 717 3539 iial
740 3473 783 3539 ad
805 3475 852 3551 1.;
877 3478 921 3540 sil
940 3483 1052 3542 aulem
1080 3478 1094 3542 l
1117 3478 1276 3558 spatium,
1298 3476 1385 3557 qnod
1417 3473 1522 3541 aonii·

361 3582 449 3646 oilnr
471 3599 492 3645 a
515 3581 629 3647 mobili
652 3583 677 3646 F
699 3583 735 3647 ia
757 3590 904 3666 tempore
927 3584 967 3656 C,
990 3586 1054 3650 erit
1076 3584 1101 3650 L
1125 3584 1286 3666 analium,
1308 3582 1399 3665 qnod
1421 3581 1525 3649 oooii·

361 3691 450 3755 oiiur
470 3692 513 3754 ab
535 3690 561 3755 F
584 3692 617 3754 io
642 3697 788 3775 temporo
810 3695 839 3759 D
860 3710 938 3760 anm
963 3695 1139 3760 velocitate
1161 3697 1212 3761 B:
1246 3695 1333 3762 nolio
1362 3700 1476 3762 nolam
1497 3691 1524 3759 G

361 3797 447 3864 ndL
468 3802 678 3883 componitur
692 3819 734 3865 ex
750 3803 935 3868 rationibus
958 3801 987 3870 G
1010 3803 1052 3866 ad
1073 3804 1089 3867 1
1111 3809 1142 3866 ol
1169 3804 1181 3867 1
1205 3803 1247 3867 nd
1270 3802 1306 3877 L,
1331 3819 1459 3885 nempe
1480 3819 1520 3865 ex

361 3908 544 3973 rationibus
568 3908 753 3975 velooilalis
778 3914 806 3974 A
826 3909 868 3975 ad
894 3912 1104 3976 velocitatem
1129 3913 1178 3987 B,
1201 3918 1234 3976 el
1258 3913 1416 3994 temporie
1436 3911 1464 3980 (Ξ
1486 3907 1524 3974 mi

363 4017 560 4096 tempusa:
585 4036 665 4100 ergo
688 4026 777 4100 palei
801 4020 1024 4100 propositum·

686 4177 863 4258 Tononnun
889 4187 929 4262 V,
952 4187 1137 4255 Pnooosmno
1163 4190 1202 4254 V.

447 4349 485 4417 Si
507 4354 570 4418 cluo
593 4352 716 4416 mobilia
738 4353 896 4435 aequabili
918 4366 1005 4421 moin
1028 4358 1192 4436 serantur,
1219 4360 1284 4424 sini
1299 4361 1429 4425 'iumen'
1443 4357 1524 4425 uelo·

357 4463 465 4526 eilanes
489 4459 678 4545 inaequales,
696 4470 724 4523 ei
747 4461 927 4547 inaequalia
949 4469 1216 4550 monumnenta,
1239 4470 1323 4534 ratio
1346 4479 1521 4551 temporum

359 4572 527 4651 composita
550 4572 608 4634 erit
631 4589 674 4636 ea
694 4574 818 4639 ralione
840 4577 1032 4657 spatiorum,
1056 4590 1083 4641 el
1108 4597 1149 4643 ea
1177 4581 1298 4644 racione
1326 4580 1524 4647 oeloeilalum

358 4678 517 4740 contrarie
540 4689 751 4761 sumptorum.
