3775 5759
804 662 956 708 cionem
982 662 1086 708 enin.
1484 647 1529 714 43

365 802 448 847 aneo
472 800 538 846 una
561 783 649 846 linea
672 790 798 846 retiae
824 783 1091 864 perpendieoiere
1111 802 1210 865 sopra
1234 786 1265 848 ia
1284 787 1338 849 BA
1353 790 1457 848 ereua
1472 784 1525 849 dei

364 899 468 975 punto
489 892 529 967 0,
552 910 571 955 e
595 893 747 974 pretioue
772 892 804 955 in
830 891 960 956 infinito
983 909 1083 955 senza
1108 894 1173 956 mai
1199 899 1372 972 tornarea
1403 892 1528 956 riunire

363 1002 388 1065 1Ι
409 1017 472 1066 suo
495 1001 635 1065 termine
660 999 778 1063 ultimo
800 1000 852 1063 eei
876 1016 938 1064 suo
962 999 1088 1080 primo,
1115 1016 1211 1064 come
1245 1002 1307 1064 ben
1344 1006 1528 1064 torneiam»

363 1111 384 1174 1’
396 1108 495 1184 elim
518 1105 728 1191 imperocehe
752 1110 783 1173 ie
805 1114 944 1192 segnem
959 1127 1018 1191 per
1033 1109 1065 1172 io
1085 1116 1174 1174 meio
1191 1110 1334 1175 iimiiaie
1352 1110 1403 1172 dei
1425 1117 1528 1190 punio

363 1219 400 1293 C,
416 1218 502 1299 dopo
516 1223 654 1300 segnaie
677 1218 701 1281 11
725 1233 839 1281 mezzo
860 1218 994 1282 cerchio
1017 1219 1186 1298 superiore
1208 1219 1305 1292 11111),
1320 1219 1525 1282 continuam

362 1327 395 1391 di
417 1344 556 1409 segnare
579 1327 599 1389 1’
617 1325 771 1391 inferiore
794 1326 884 1393 Eme
902 1324 1072 1390 ‘riunende
1095 1326 1232 1390 insieme
1255 1327 1265 1389 i
1289 1327 1362 1390 suoi
1391 1328 1525 1391 estremi

365 1436 495 1501 {ermini
519 1436 571 1498 nei
596 1441 700 1517 punio
721 1434 757 1500 C.
780 1434 837 1497 Me
861 1433 883 1496 ii
906 1438 1009 1514 punio
1023 1431 1053 1497 Ο
1068 1433 1205 1496 mossosi
1223 1449 1279 1513 per
1295 1444 1416 1516 segeni
1433 1451 1527 1496 come

363 1544 441 1608 tutti
466 1544 511 1626 gii
532 1544 614 1609 eitri
637 1543 724 1608 delia
748 1543 835 1606 linea
859 1543 914 1607 ΑΒ
939 1538 1081 1626 (perche
1104 1543 1114 1605 i
1141 1543 1235 1624 punti
1255 1542 1339 1623 presi
1361 1542 1526 1608 neii’eiira

364 1657 455 1733 parte
476 1651 536 1718 ΟΛ
558 1651 815 1715 deseriveranno
837 1650 902 1715 essi
925 1666 1048 1714 ancora
1072 1650 1123 1713 ior
1144 1651 1268 1725 cei-chi,
1291 1652 1330 1714 ed
1349 1652 1360 1714 i
1378 1654 1526 1717 massimi

363 1758 374 1820 i
398 1759 491 1838 penti
515 1757 670 1838 prossimi
694 1754 812 1841 aii'O)
838 1758 860 1820 ii
884 1774 947 1822 suo
969 1756 1106 1821 cerchia
1130 1775 1187 1838 per
1207 1758 1290 1823 ferie
1315 1762 1472 1824 massimo
1495 1760 1527 1824 di

365 1865 454 1939 tuiti,
477 1883 497 1927 e
519 1882 577 1947 per
597 1881 825 1947 eonseguenza
850 1864 993 1939 infinito,
1016 1882 1081 1929 non
1106 1862 1172 1947 pue
1196 1864 1252 1948 pii
1277 1869 1440 1933 riiornere
1474 1870 1526 1932 nei

366 1990 428 2038 suo
451 1975 557 2056 primo
579 1977 728 2050 termine,
749 1974 789 2039 ed
812 1975 847 2038 in
870 1991 998 2038 somma
1016 1974 1166 2040 descrive
1187 1993 1253 2040 una
1268 1978 1354 2042 iinea
1374 1985 1458 2042 reita
1476 1979 1528 2041 in·

366 2085 458 2148 [inita
481 2102 538 2168 per
560 2086 804 2151 circonierenze
827 2085 878 2149 dei
903 2102 965 2149 suo
987 2084 1118 2150 infinito
1144 2088 1286 2150 eerehio.
1315 2088 1528 2154 Considerate

362 2215 421 2262 om
453 2199 533 2280 qual
567 2196 744 2263 differenze
778 2198 828 2261 sia
851 2197 894 2260 de
917 2215 962 2259 un
985 2197 1121 2261 cerchio
1145 2197 1238 2260 sinito
1260 2215 1281 2260 e
1305 2214 1349 2260 un
1375 2198 1527 2270 infinite.

364 2302 478 2387 poiche
500 2311 619 2387 questo
643 2311 737 2369 mule
761 2307 918 2369 taimente
942 2304 962 2367 1’
974 2322 1104 2379 essere,
1127 2306 1190 2369 che
1215 2305 1406 2369 iolaimenie
1429 2307 1527 2387 perde

363 2417 382 2480 1·
394 2433 503 2480 essere
525 2432 544 2478 e
566 2416 589 2479 ii
614 2421 727 2497 potere
760 2432 883 2487 essere3
906 2414 969 2478 eie
1000 2411 1055 2497 gii
1082 2416 1145 2479 ben
1173 2415 1401 2478 chiaramonte
1434 2431 1527 2479 eom·

363 2525 555 2607 prendinmo
574 2541 639 2589 non
657 2523 685 2588 si
711 2529 803 2604 poter
820 2521 902 2587 dere
921 2540 966 2587 un
985 2523 1121 2588 cerchia
1136 2523 1279 2597 infinum
1298 2523 1319 2586 11
1338 2524 1401 2587 eine
1417 2524 1444 2586 si
1462 2524 1527 2586 iiia

364 2634 415 2714 poi
438 2634 473 2696 in
496 2648 737 2713 eoneeguenza,
756 2627 798 2694 ne
812 2648 910 2697 meno
934 2636 1046 2713 potere
1068 2649 1176 2696 essere
1200 2648 1266 2696 una
1288 2631 1374 2695 sieta
1396 2630 1526 2694 infinita

361 2739 403 2806 ne
425 2743 512 2807 altro
533 2741 753 2824 queieivogiia
770 2758 872 2822 corpo
894 2761 915 2805 0
937 2740 1112 2824 superficie
1127 2741 1304 2825 figuratae
1323 2740 1466 2805 infinite·
1479 2741 1527 2805 (ir

361 2851 422 2915 che
443 2851 573 2916 ‹iiremo
594 2851 628 2915 (11
653 2850 753 2916 eoieii
779 2850 1001 2916 metamorfosi
1026 2852 1080 2916 nei
1097 2869 1212 2934 passer
1229 2851 1284 2915 dei
1302 2850 1396 2914 finito
1414 2850 1526 2913 (111111-

363 2959 475 3025 finito?
497 2959 526 3024 11
548 2957 668 3042 perche
691 2959 869 3025 dobbiemo
886 2960 989 3024 sentit
1005 2976 1216 3041 repugnenza
1235 2957 1417 3040 maggiore
1433 2973 1527 3020 men·

368 3074 427 3142 ire.
448 3068 612 3133 eercando
626 3068 648 3131 1·
662 3067 793 3132 infinito
824 3067 875 3130 nei
910 3068 1052 3141 numeri,
1074 3066 1230 3130 andiamo
1260 3065 1526 3140 a‚conciuderio

366 3175 537 3240 neii’unoi
558 3176 586 3241 E
609 3183 736 3242 mentre
758 3175 820 3240 che
843 3175 1023 3257 rumpendo
1040 3193 1084 3239 un
1101 3174 1208 3239 solido
1223 3176 1258 3238 in
1270 3175 1376 3238 -moiie
1391 3175 1486 3253 parii,
1506 3191 1525 3236 e

364 3284 560 3365 seguiiendo
580 3286 614 3349 (11
637 3286 763 3350 ridurio
781 3287 814 3349 in
840 3285 1063 3350 minutissima
1088 3283 1230 3364 poliere,
1254 3283 1394 3347 rieoiuio
1415 3283 1476 3345 che
1496 3283 1523 3346 si

363 3391 454 3457 fusse
477 3394 691 3476 negi’inenni
715 3396 786 3462 suoi
811 3394 913 3460 atomi
938 3412 1003 3459 non
1028 3389 1083 3476 pie
1107 3376 1289 3467 divisibili,
1313 3388 1430 3474 perche
1458 3408 1523 3454 nou

360 3508 512 3584 peiremo
533 3504 604 3569 dire
635 3505 746 3587 quello
767 3522 857 3570 esser
880 3505 1043 3568 ritorneio
1065 3503 1099 3566 in
1125 3519 1169 3565 un
1193 3502 1242 3566 sol
1261 3500 1446 3577 eoniinuo,
1469 3517 1523 3562 ma

360 3609 446 3676 soree
466 3610 582 3687 fluido,
602 3630 698 3678 come
721 3613 741 3676 1’
754 3630 859 3695 acqua
883 3631 903 3677 e
927 3613 950 3676 11
975 3612 1141 3677 mercurio
1164 3628 1185 3674 ο
1210 3611 1233 3674 11
1258 3606 1438 3673 medesimo
1454 3624 1524 3671 me·

362 3719 441 3784 [aiio
477 3719 669 3802 iiqueiattoi
692 3723 719 3786 E
744 3736 809 3786 non
834 3721 989 3787 vediamo
1012 3718 1066 3783 noi
1091 3721 1121 3783 ie
1148 3720 1253 3801 pieire
1289 3718 1456 3799 iiqueiarsi
1490 3719 1524 3779 in

364 3836 467 3907 ναίω,
488 3848 508 3895 e
530 3830 554 3895 ii
577 3837 673 3898 vetio
694 3831 875 3897 medesimo
898 3830 950 3894 eoi
975 3829 1078 3893 molto
1104 3828 1202 3892 iuoeo
1226 3826 1302 3890 sarsi
1334 3825 1437 3890 fluido
1467 3821 1523 3907 piii

364 3939 424 4000 che
445 3939 607 4023 ineque?

413 4092 415 4097 -
451 4047 546 4116 Stet.
570 4048 753 4115 Dobbiamo
776 4052 910 4132 dunque
931 4049 1066 4114 eredere
1089 4049 1099 4112 i
1123 4047 1217 4114 fluidi
1241 4063 1330 4110 esser
1352 4046 1427 4123 iaii,
1450 4065 1524 4128 per·

364 4154 426 4222 ebe
448 4148 528 4224 solio
551 4159 681 4225 riwiuii
705 4163 757 4224 nei
793 4160 889 4240 primi
914 4159 1037 4224 infiniti
1065 4155 1260 4224 indivisibili
1284 4156 1357 4221 suoi
1388 4173 1525 4236 compo·

363 4270 475 4335 nenti?
695 4339 698 4346 ,

453 4377 546 4444 Seev.
569 4383 606 4447 lo
626 4398 692 4446 non
715 4399 754 4447 eo
778 4387 891 4447 imver
914 4382 1048 4465 migiioi
1070 4382 1197 4463 ripiego
1220 4398 1277 4462 per
1301 4378 1458 4444 riseivere
1474 4377 1523 4439 al-

361 4504 449 4551 eune
471 4493 601 4554 eennie
622 4503 815 4572 apparenze.
840 4495 890 4554 ira
914 4491 945 4554 ie
968 4490 1059 4572 quali
1084 4507 1152 4554 una
1169 4487 1327 4571 equesta.
1344 4487 1473 4552 Menire
1490 4487 1524 4550 io

361 4597 471 4679 (118110-
486 4614 534 4663 un
554 4616 656 4682 eorpo
679 4599 784 4675 duro,
805 4617 827 4662 ο
850 4601 898 4664 sia
922 4601 1026 4681 pieira
1049 4619 1070 4664 0
1094 4599 1242 4673 meiaiio,
1265 4615 1283 4661 e
1306 4597 1368 4661 ohe
1391 4612 1453 4660 eon
1477 4613 1522 4661 un

362 4706 514 4772 merieiio
548 4707 796 4774 oeoiiiiissima
822 4708 900 4773 lime
922 4707 956 4773 io
981 4726 1023 4773 vo
1046 4709 1079 4771 ai
1102 4707 1255 4789 possibile
1278 4704 1456 4770 dividendo
1491 4706 1524 4769 in
