3775 5759
699 760 705 775 ⁸
793 711 947 758 olonxnnn
972 712 1079 759 innan.
1454 696 1518 758 iii

361 832 418 898 til)
438 833 480 896 od
504 818 583 906 llo',
618 848 674 913 per
708 834 957 897 conversionem
982 832 1142 905 rationis:
1166 840 1198 897 et
1221 836 1461 911 conveniendo,
1486 843 1523 898 ut

362 943 412 1007 RS
435 943 477 1008 ad
501 941 570 1015 SP,
593 942 639 1005 ita
662 939 716 1007 OC
740 942 781 1005 ad
804 940 881 1005 cn:
907 949 942 1005 ut
967 950 1078 1007 nutem
1103 944 1149 1008 si
1172 943 1213 1006 ad
1237 944 1312 1019 PT,
1334 946 1378 1007 ita
1403 944 1455 1009 lic
1480 943 1521 1007 ad

359 1054 438 1117 ci:
460 1055 495 1116 et
516 1050 595 1133 quia
618 1056 669 1114 est
689 1057 729 1114 ui
752 1052 803 1116 ΤΡ
825 1050 868 1115 ad
892 1050 968 1127 PG,
993 1054 1037 1115 ila
1063 1055 1119 1117 on
1143 1052 1184 1116 ad
1210 1054 1281 1125 iil:
1306 1070 1362 1135 per
1384 1070 1522 1116 eonver-

359 1166 485 1231 siuoein
509 1165 645 1230 talionis
666 1166 729 1229 erit
751 1182 882 1247 quoque
905 1172 942 1229 ot
965 1166 1016 1233 PT
1040 1167 1081 1230 ad
1106 1166 1184 1243 Ttl,
1219 1167 1265 1230 ita
1301 1165 1355 1233 AC
1379 1167 1420 1230 ad
1444 1165 1521 1237 CV:

359 1293 440 1358 ergo
463 1293 504 1340 ex
528 1274 680 1356 aequali,
704 1280 740 1339 ut
763 1274 815 1340 lis
837 1275 878 1339 ad
903 1274 981 1353 GT,
1017 1280 1062 1341 lla
1095 1275 1150 1342 OC
1175 1277 1218 1341 ad
1239 1275 1318 1347 CV:
1340 1284 1389 1339 est
1412 1282 1522 1338 antem

359 1380 416 1449 OC
440 1381 668 1465 majoranum
692 1381 759 1457 CV,
793 1386 830 1447 ut
866 1402 944 1447 mox
967 1385 1270 1458 demonstrabilem
1294 1403 1373 1468 ergo
1398 1391 1525 1465 tempus
1574 1373 1576 1377 ’

361 1490 414 1557 lis
436 1488 546 1573 melae
568 1496 618 1555 est
642 1495 788 1573 tempore
805 1490 882 1565 GT:
903 1494 991 1574 qood
1008 1493 1235 1557 demonstrare
1249 1496 1429 1574 oportebat.
1441 1494 1524 1560 Cum

361 1612 442 1663 vero
463 1596 517 1665 CF
538 1600 647 1684 malon
669 1600 712 1665 sit
734 1600 810 1677 ΟΒ,
838 1601 893 1665 FD
915 1618 996 1666 vero
1020 1602 1126 1665 minor
1149 1602 1228 1678 ΒΑ,
1252 1602 1385 1667 habebit
1407 1602 1461 1670 cl)
1484 1603 1525 1666 ad

361 1704 419 1770 ili
439 1707 599 1791 melotem
621 1708 806 1786 rollonem,
840 1726 940 1791 quam
965 1710 1020 1777 CA
1044 1710 1085 1774 ad
1111 1711 1187 1783 AB:
1213 1718 1249 1775 ut
1272 1718 1383 1775 aulem
1407 1712 1462 1777 Gt)
1483 1711 1524 1775 ad

362 1814 435 1891 DR-
447 1815 494 1880 lta
506 1816 706 1899 quadratum
730 1818 785 1886 CO
808 1819 850 1884 ad
872 1819 1073 1901 quadratum
1087 1810 1172 1893 ui,
1196 1838 1274 1885 cum
1296 1822 1362 1886 sint
1378 1818 1528 1906 cuno,

362 1924 419 1989 DF
443 1926 719 2007 proportionales:
743 1934 780 1991 ot
804 1944 884 1992 vero
904 1926 962 1995 Gi
986 1926 1028 1992 ad
1053 1928 1118 2004 AB,
1134 1930 1180 1993 ila
1196 1928 1396 2009 quadratum
1415 1928 1470 1996 GV
1487 1926 1528 1992 ad

359 2034 561 2115 quadratum
583 2034 661 2111 vll3
688 2052 768 2120 ergo
800 2035 856 2104 CO
889 2036 932 2101 ad
967 2026 1023 2105 01⁴⁴
1057 2039 1216 2122 majorem
1242 2039 1404 2101 rationem
1428 2037 1527 2102 habel

361 2158 465 2227 quant
485 2140 543 2211 cv
564 2145 607 2209 od
632 2146 709 2219 vll:
732 2147 837 2229 igilur
858 2166 899 2211 ex
924 2146 1079 2213 lemmate
1103 2148 1269 2229 praediolo
1286 2145 1342 2214 CO
1359 2146 1464 2229 nnjor
1480 2153 1528 2210 esi

363 2266 466 2336 wool
489 2248 554 2319 cv.
584 2254 720 2320 Considi
753 2256 908 2341 insuper,
942 2262 1073 2337 tempus
1099 2274 1154 2338 per
1178 2256 1229 2323 ilc
1254 2257 1295 2320 ad
1321 2262 1449 2336 tempos
1474 2270 1530 2335 per

362 2358 443 2429 uilc
465 2376 538 2427 esse
558 2362 598 2425 ul
620 2358 701 2427 DOC
726 2361 767 2426 od
792 2362 850 2429 Ι)0
872 2382 949 2429 com
973 2364 1037 2431 CV.

781 2598 784 2603 .
868 2550 1029 2598 sciiooiilil.

407 2694 410 2705 ·
455 2668 509 2734 Ex
527 2668 692 2751 linquae
708 2672 929 2737 dnnonutrata
954 2679 1042 2748 sunl,
1065 2675 1177 2757 colligi
1201 2690 1294 2756 posue
1317 2673 1460 2745 videtur.
1481 2670 1531 2733 la·

366 2776 491 2871 lionein
513 2778 664 2844 oninium
688 2778 932 2847 veioolnlinam
956 2798 997 2845 ex
1022 2783 1162 2847 termino
1185 2781 1227 2845 ud
1253 2782 1443 2855 terminum,
1465 2796 1531 2843 non

367 2902 427 2969 por
448 2884 678 2951 oreviuinu'm
702 2886 840 2960 lineam,
865 2904 982 2972 nempe
1004 2907 1061 2972 per
1083 2895 1232 2964 reolum,
1254 2888 1311 2953 sed
1335 2904 1392 2971 per
1414 2888 1531 2952 circuli

366 2996 551 3077 portium
574 2994 657 3061 tlerl.
680 2996 716 3062 ln
738 2992 923 3079 quadrante
947 2999 1034 3063 enim
1059 2998 1169 3065 BAEC
1194 2995 1290 3083 (Fip.
1310 2995 1411 3079 103).
1434 2995 1531 3078 oojo's
1668 2998 1672 3003 '

371 3104 463 3169 intua
481 3104 537 3173 ilc
560 3104 603 3172 uit
625 3106 667 3170 ad
689 3105 893 3173 horizontem
917 3111 1076 3182 erectum,
1098 3106 1227 3171 divisus
1250 3107 1292 3169 sil
1315 3110 1413 3169 incus
1429 3104 1481 3171 AC
1499 3105 1531 3167 in

367 3220 580 3299 quotcunque
604 3222 712 3298 partes
734 3216 897 3298 aequales,
923 3216 991 3289 nu.
1015 3216 1083 3289 ΒΕ,
1106 3216 1170 3288 ai,
1188 3214 1251 3288 FG.
1270 3215 1345 3287 GC:
1363 3219 1395 3278 et
1411 3214 1531 3278 duciae

367 3322 436 3389 nint
457 3329 568 3389 ieetaa
589 3340 631 3389 ex
653 3324 678 3390 C
702 3325 744 3389 od
767 3331 888 3406 punctu
914 3329 963 3395 Α.
986 3324 1036 3397 1),
1060 3324 1098 3396 lt,
1125 3326 1158 3396 Ρ.
1180 3322 1231 3395 G:
1253 3326 1287 3386 et
1306 3323 1442 3405 junctae
1466 3321 1532 3396 sin-l

366 3439 482 3499 mino
501 3444 631 3518 qnoque
654 3435 721 3509 ΑΙ),
743 3436 810 3507 ΒΕ,
834 3434 899 3507 EF,
925 3434 987 3510 iu,
1010 3434 1075 3501 GC.
1100 3432 1313 3515 Manifestum
1338 3437 1408 3503 eut,
1432 3430 1530 3494 latio-

364 3560 441 3609 nem
463 3550 525 3628 pud
543 3542 630 3611 dous
651 3544 737 3612 illc
760 3548 860 3609 eitius
894 3544 1022 3611 absolvi
1060 3561 1161 3626 quam
1186 3560 1242 3626 per
1264 3558 1366 3606 uinum
1392 3540 1456 3612 AG.
1481 3540 1532 3602 vel

366 3652 421 3721 BG
443 3668 487 3719 ox
509 3654 621 3736 quide
644 3654 676 3717 in
701 3653 750 3727 ὓς
773 3652 830 3718 aed
851 3670 894 3717 ex
917 3652 1027 3735 qulele
1051 3653 1084 3715 in
1110 3657 1134 3715 A
1160 3652 1260 3715 cilius
1279 3648 1464 3713 absolvitur
1481 3646 1533 3712 DC

366 3776 468 3845 quoin
490 3762 580 3828 duae
601 3762 709 3835 nuez
732 3762 788 3828 uod
812 3781 870 3845 per
892 3764 976 3827 duae
1000 3762 1081 3829 illic
1105 3778 1147 3825 ex
1171 3763 1282 3842 quiete
1305 3760 1338 3822 ln
1364 3756 1535 3820 iveriti-

368 3872 449 3936 inilo
468 3878 519 3937 eut
539 3874 641 3939 eitius
663 3874 792 3939 absolvi
815 3848 1010 3938 eunonium
1034 3888 1135 3953 qoam
1159 3886 1216 3951 per
1238 3870 1341 3933 mlum
1360 3866 1437 3937 cna
1455 3882 1535 3947 erpo

369 3980 544 4047 dmum
567 3996 625 4064 per
648 3987 713 4045 ires
736 3979 848 4047 nillil}
873 3976 1058 4044 absolvitur
1091 3977 1192 4041 eitius
1226 3992 1325 4057 quam
1363 3990 1419 4056 per
1452 3975 1534 4039 duas

370 4086 466 4153 illc.
502 4086 624 4154 Verum
646 4089 800 4154 similitor
821 4088 1018 4170 procedente
1040 4086 1199 4151 descensu
1225 4102 1282 4167 per
1307 4084 1412 4155 ABE,
1434 4084 1534 4148 alitos

369 4194 408 4260 ill
431 4195 511 4263 lolio
534 4216 590 4281 per
612 4201 694 4265 duas
716 4198 796 4264 EFC
821 4216 921 4280 quam
947 4215 1003 4280 per
1025 4199 1129 4263 solam
1157 4198 1229 4273 EG;
1251 4217 1331 4283 ergo
1366 4216 1423 4280 per
1451 4214 1533 4283 qua-

367 4308 447 4369 tuor
469 4306 604 4376 ionic
627 4309 727 4373 cilius
752 4307 789 4371 iit
813 4314 922 4371 motus
945 4325 1045 4389 quani
1071 4315 1216 4390 perires
1241 4308 1363 4375 ADEG.
1389 4312 1436 4370 Ao
1461 4313 1534 4370 lan·

365 4409 446 4475 doni
468 4428 527 4495 per
546 4416 630 4481 duos
653 4406 732 4483 FGC
757 4422 829 4497 post
853 4415 1101 4497 praecedentem
1128 4415 1321 4480 descensum
1346 4430 1402 4497 per
1424 4412 1533 4477 nolti

364 4520 469 4585 citius
489 4522 674 4591 mittiue
698 4526 777 4589 lotio
800 4540 900 4607 quum
925 4543 982 4608 per
1003 4528 1107 4591 solam
1145 4524 1217 4596 ic:
1251 4540 1330 4606 ergo
1354 4536 1411 4604 per
1432 4522 1535 4604 quin-

361 4646 432 4711 qoe
454 4628 621 4700 Antinoo
646 4636 788 4700 breviori
813 4634 921 4700 udiliae
948 4644 1093 4720 tempure
1129 4636 1165 4701 tlt
1199 4635 1399 4708 descensus,
1434 4650 1533 4716 quam
1652 4698 1654 4704 ,

362 4756 424 4818 per
445 4744 590 4823 quatuor
621 4743 766 4810 ionic.
802 4744 876 4823 Quo
911 4747 1014 4827 igilur
1049 4764 1106 4827 pei·
1141 4746 1315 4828 inscriptos
1353 4744 1533 4827 polygonos

486 4844 815 4902 Giuienotiionnl.-
835 4849 866 4902 l.
891 4848 975 4903 lllll.
