3775 5759
788 697 940 745 crearem
966 699 1098 755 curura.
1461 684 1528 753 235

367 838 412 883 un
436 823 524 883 molo
546 823 716 899 composto
738 818 771 880 di
795 819 871 892 due,
895 835 962 882 uuo
984 816 1056 883 clod
1079 821 1278 885 orizzontale
1302 822 1341 884 ed
1365 822 1525 903 equabile‚

365 927 524 992 el’altro
558 925 845 1008 perpendiculum,
873 944 927 990 ma
962 928 1202 991 naturalmentc
1237 930 1442 1003 accelerato,
1472 931 1525 994 dei

363 1036 453 1118 quali
489 1034 677 1098 linalmente
699 1030 718 1096 ὸ
739 1040 909 1114 composto
944 1033 967 1098 il
1005 1040 1094 1099 moto
1129 1034 1180 1098 del
1216 1036 1355 1117 projetto
1377 1056 1396 1100 e
1419 1039 1446 1100 si
1470 1037 1525 1099 de·

364 1144 472 1208 scrire
496 1144 528 1207 lu
550 1142 637 1205 linea
662 1141 865 1222 parabolica3
889 1139 924 1202 in
949 1140 1149 1206 ciascbedun
1175 1146 1277 1221 punto
1311 1142 1397 1206 della
1429 1143 1527 1224 quale

362 1252 389 1314 si
413 1267 510 1314 cerea
533 1248 567 1312 di
592 1248 813 1312 determinare
836 1253 960 1328 quanto
983 1249 1031 1311 sia
1057 1248 1076 1310 l'
1090 1249 1212 1328 impeto
1230 1248 1281 1311 del
1302 1249 1452 1331 prejelto:
1470 1269 1527 1332 per

364 1358 397 1421 la
419 1358 476 1421 cui
500 1356 708 1441 intelligente
730 1357 761 1420 ci
785 1355 944 1421 dimostra
969 1358 1115 1422 l'Antore
1138 1358 1160 1421 il
1186 1358 1294 1439 modo,
1316 1377 1338 1422 o
1358 1361 1525 1443 vogliamo

363 1470 414 1533 dir
434 1466 574 1542 melodo,
589 1466 622 1530 di
645 1466 825 1549 regolaree
842 1467 986 1531 misurar
1001 1467 1108 1532 octale
1124 1469 1247 1550 impeto
1262 1486 1360 1552 sopra
1375 1468 1396 1534 l·
1409 1472 1524 1536 istessa

365 1576 475 1650 linea,
496 1575 584 1639 nella
615 1573 762 1655 qualest
788 1574 818 1637 ia
842 1573 864 1637 il
890 1579 980 1639 moto
1003 1574 1054 1640 del
1079 1593 1181 1658 grave
1215 1577 1431 1643 descendente
1463 1600 1525 1644 con

366 1688 457 1748 moto
489 1683 731 1748 naturalmenle
765 1684 951 1750 accelerato
985 1687 1172 1767 pertendosi
1205 1690 1291 1755 dalla
1320 1693 1451 1773 quiete,
1474 1695 1526 1759 dt·

365 1791 493 1856 cerdo:

546 1942 554 1960 ’
676 1965 852 2033 Tnnornnn
876 1968 933 2039 lll.
956 1968 1141 2033 Pronosmro
1164 1970 1215 2034 lll.

456 2126 530 2197 Flet
551 2137 660 2197 metus
685 2135 885 2215 pertineam
910 2136 966 2200 ΑΒ
995 2153 1037 2201 ex
1058 2137 1168 2219 quiete
1189 2137 1223 2200 in
1248 2141 1276 2201 Α
1304 2135 1399 2221 (Fiq.
1425 2139 1489 2205 lttl
1504 2138 1526 2224 ),

361 2242 397 2301 et
418 2238 603 2321 accipiatur
625 2241 659 2303 in
681 2258 720 2305 ea
743 2242 912 2323 quodlibet
936 2247 1094 2324 punctum
1119 2244 1165 2316 (23
1200 2249 1233 2307 et
1268 2248 1408 2325 ponatur
1439 2244 1527 2326 ipsa·

363 2356 429 2413 met
452 2348 507 2415 nc
524 2366 597 2413 erse
619 2355 761 2432 tempus,
783 2368 841 2416 seu
864 2351 1020 2435 temporis
1045 2368 1211 2428 mensura,
1230 2368 1329 2417 casus
1343 2351 1447 2434 ipsius
1471 2371 1526 2434 per

362 2456 507 2538 spatium
521 2457 597 2534 otc,
621 2475 680 2522 nec
703 2476 768 2522 non
792 2475 947 2524 mensura
969 2477 1099 2542 quoque
1121 2461 1275 2542 impetus,
1293 2460 1355 2527 seu'
1368 2463 1523 2526 momenti

363 2564 397 2627 in
422 2570 545 2647 puncto
559 2564 585 2632 G
597 2578 640 2629 ex
650 2566 807 2631 dumoso
828 2566 881 2632 AC
898 2568 1063 2649 acquisiti.
1080 2569 1179 2634 bledo
1194 2574 1347 2634 sumatur
1363 2570 1397 2633 in
1409 2570 1523 2634 eadem

363 2672 451 2736 linea
467 2672 524 2737 Ab
539 2671 760 2755 quodcunque
782 2673 873 2738 aliud
893 2682 1066 2756 punctum,
1082 2677 1120 2742 ut
1136 2683 1212 2760 puta
1231 2678 1268 2752 Β,
1283 2678 1317 2742 in
1335 2694 1401 2760 qno
1417 2678 1526 2743 deter-

363 2778 556 2845 minandum
578 2786 629 2845 est
651 2781 692 2846 dc
718 2782 843 2864 impetu
878 2782 1042 2864 acquisito
1071 2803 1092 2848 a
1115 2785 1228 2851 mobili
1253 2803 1310 2867 per
1332 2787 1524 2852 descensum

365 2893 433 2968 llll,
454 2892 490 2957 in
510 2892 640 2957 ratione
663 2892 704 2956 ad
728 2891 899 2974 impetum,
923 2910 1021 2975 quem
1039 2894 1184 2960 obtinuit
1202 2894 1236 2958 in
1254 2893 1279 2960 G
1294 2940 1303 2970 ,
1320 2894 1418 2977 culus
1434 2911 1526 2959 men·

361 3004 440 3066 sbra
462 2996 571 3084 posita
593 3006 644 3064 est
666 2997 732 3066 AC.
755 3001 903 3064 Ponatur
925 3001 999 3075 AS,
1024 3001 1131 3066 media
1155 3002 1407 3082 proportionalis
1440 3001 1525 3065 inter

363 3110 442 3182 ΒΑ,
465 3106 529 3175 ΑΕ.
551 3106 880 3182 Demonstrabimus,
902 3107 1062 3188 impetum
1087 3107 1121 3170 in
1145 3109 1171 3172 Β
1193 3106 1235 3171 ad
1259 3109 1419 3189 impetum
1443 3109 1523 3174 inc

362 3232 437 3283 esne
457 3221 507 3281 nt
539 3216 626 3282 linea
648 3216 699 3281 SA
721 3215 763 3279 ad
788 3214 852 3281 AG.
875 3214 1056 3281 Sumuntur
1079 3214 1300 3279 horizontales
1333 3212 1388 3279 cn
1423 3214 1523 3296 dupla

361 3326 469 3408 ipsius
491 3322 567 3400 AC,
588 3323 643 3389 ΒΕ
667 3340 748 3387 vero
772 3321 871 3405 dupla
895 3324 961 3387 ΒΛ.
985 3321 1122 3388 Constat
1139 3321 1443 3399 exdemonstratis‚
1464 3341 1530 3402 ca-¹

360 3433 445 3497 deus
467 3448 526 3515 per
545 3432 599 3499 AG
622 3448 822 3497 conversum
845 3431 880 3495 in
902 3428 1074 3496 horizonte
1097 3430 1160 3505 ΕΒ,
1185 3435 1284 3512 atque
1300 3430 1402 3513 Juxta
1418 3430 1524 3513 impe·

362 3542 495 3607 lumin
512 3540 755 3624 llacqnisitum
778 3545 870 3605 moin
893 3540 1059 3622 aequabili
1082 3541 1242 3615 delatum.
1263 3539 1425 3604 conticere
1446 3557 1523 3622 spa·

360 3652 444 3716 tium
467 3650 526 3719 cb
547 3651 676 3733 aequati
700 3656 868 3731 tempore,
890 3655 990 3731 atque
1017 3649 1126 3730 ipsum
1150 3649 1204 3715 AC
1229 3651 1320 3713 motu
1340 3647 1524 3712 accelerato

359 3759 527 3834 mniecit3
550 3761 767 3841 similiterque
789 3760 844 3825 ΒΕ
867 3759 986 3824 confici
1010 3759 1125 3823 eodem
1149 3765 1296 3840 tempure
1329 3764 1428 3839 atque
1456 3759 1520 3822 ΑΒ.

362 3868 429 3933 Sed
449 3874 579 3953 tenpus
595 3870 699 3954 ipsios
717 3871 893 3934 descensus
911 3870 967 3933 ΑΒ
984 3874 1034 3933 est
1053 3868 1126 3942 AS;
1145 3886 1224 3952 crgo
1240 3866 1453 3932 horizontalis
1467 3866 1521 3931 ΒΕ

362 3975 541 4043 οοιιΒοΙιυι·
563 3983 709 4061 tempore
731 3978 792 4043 AS.
817 3978 890 4042 Fiat
913 3983 952 4041 ut
969 3981 1098 4059 tempus
1117 3977 1169 4042 SA
1183 3976 1226 4041 ad
1247 3983 1375 4058 tempos
1391 3974 1457 4051 AG,
1476 3975 1521 4039 ila

363 4084 420 4149 ΕΒ
440 4084 484 4150 ud
504 4086 567 4153 ΒΕ.
590 4086 740 4168 Cumque
763 4092 872 4151 molus
890 4102 947 4167 per
964 4085 1018 4150 BE
1034 4086 1078 4150 sit
1092 4085 1285 4167 aequabilis,
1299 4085 1363 4149 erit
1376 4085 1520 4167 spatium

343 4180 345 4184 ’
363 4193 417 4258 ΒΕ
440 4200 608 4276 peractum
633 4202 782 4278 tempore·
800 4197 854 4262 Ac
875 4197 1057 4260 secondum
1073 4200 1274 4260 momentum
1291 4195 1469 4259 celeritatis
1486 4195 1518 4256 in

363 4302 410 4365 Β.-
424 4293 488 4365 Sed
502 4306 647 4386 tempore
669 4303 783 4368 eodem
808 4303 861 4369 AC
886 4302 1063 4368 coniicitur
1093 4304 1237 4385 spatiu-
1262 4303 1316 4370 CD
1338 4301 1518 4369 secondum

361 4414 565 4489 momentum
585 4413 763 4477 celeritatis
785 4412 820 4477 in
842 4410 889 4475 C:
915 4418 1080 4475 momenta
1103 4415 1215 4474 autem
1237 4408 1416 4472 celeritatis
1441 4414 1519 4470 sunt

360 4519 450 4582 inter
470 4535 508 4585 aa
526 4524 565 4585 ut
586 4523 704 4604 spatie,
719 4536 804 4602 qnae
821 4518 918 4601 iuxta
934 4520 1005 4602 ipsa
1025 4525 1190 4586 momenta
1205 4517 1320 4582 eodem
1334 4513 1519 4580 coniiciun-

361 4632 418 4691 tur
440 4631 607 4711 temporer
630 4646 710 4713 erqo
732 4633 934 4693 momentum
957 4629 1134 4695 celeritatis
1156 4629 1191 4693 in
1213 4627 1237 4693 C
1257 4625 1297 4689 ad
1317 4630 1519 4689 momentum

360 4737 541 4805 celeritatis
564 4739 598 4803 in
623 4740 656 4819 Β,
681 4743 730 4803 est
753 4743 789 4802 nt
813 4738 864 4804 DC
890 4738 930 4807 ad
956 4738 1017 4802 BL.
1041 4738 1127 4821 Quia
1153 4754 1229 4802 vero
1253 4742 1289 4798 ul
1312 4733 1364 4799 DC
1383 4733 1424 4798 ed
1444 4733 1518 4806 ΒΕ,
