3775 5759
803 695 958 742 cronusrn
981 697 1091 744 ruins.
1463 678 1529 746 2⁰3

363 819 543 900 expelletur
579 818 700 899 pariter
736 817 857 880 mobile
880 834 937 898 per
959 817 1036 888 ΒΒ,
1062 823 1134 898 post
1157 817 1350 883 descensum
1376 836 1431 899 per
1453 821 1529 891 AB.

362 932 460 1005 utque
479 941 536 1005 per
558 924 623 989 ΕΒ.
648 923 784 987 decidet
809 941 908 997 vero,
931 925 1018 1004 quod
1054 930 1182 1006 tempos
1217 942 1373 989 ascensus
1396 942 1452 1007 per
1474 927 1529 991 ΒΒ

359 1033 494 1115 longios
527 1033 591 1096 erit
624 1048 723 1112 quam
748 1047 804 1111 per
826 1030 904 1102 BC,
928 1038 1024 1112 prout
1047 1033 1221 1097 descensus
1244 1050 1372 1114 qnoque
1395 1051 1452 1114 per
1474 1034 1529 1099 ΕΒ

360 1139 504 1222 longiori
538 1139 582 1204 sit
609 1147 755 1220 tempore
776 1154 875 1220 quem
912 1155 969 1219 per
1002 1140 1071 1203 AB:
1100 1140 1186 1203 rotio
1214 1147 1323 1204 eutem
1352 1141 1528 1205 eorundem

360 1256 546 1331 temporum
565 1249 637 1331 jem
656 1247 880 1311 demonstratu
904 1256 953 1311 est
976 1247 1103 1321 endem,
1126 1266 1165 1314 ac
1182 1249 1427 1332 longitudinum
1440 1249 1530 1331 ipso·

360 1374 438 1423 rum
470 1358 655 1439 plenorum.
678 1355 831 1437 Sequitur
855 1354 953 1419 modo
987 1360 1023 1419 nt
1058 1355 1264 1436 inquiremus
1288 1356 1528 1437 proportionem

360 1464 545 1546 spntlorum
568 1464 770 1544 temporibus
792 1462 985 1545 aequalibus
1008 1471 1216 1545 peractorum
1240 1465 1274 1528 in
1299 1465 1427 1546 plume,
1448 1483 1531 1547 quo·

361 1590 438 1638 rum
460 1573 611 1639 diversae
634 1573 700 1636 sint
723 1573 977 1665 inclinationes,
997 1572 1133 1637 eundem
1169 1580 1280 1639 tumen
1316 1572 1528 1639 elevationes:

362 1681 427 1746 linc
447 1688 508 1756 est,
530 1697 615 1762 quae
631 1680 716 1745 inter
734 1681 864 1745 easdem
885 1680 1060 1762 parallelus
1078 1681 1297 1746 leuzonteles
1315 1683 1531 1764 comprehen-

364 1790 492 1855 dantur.
515 1789 551 1854 ld
574 1794 684 1854 nutem
708 1788 871 1871 contingit
890 1790 988 1870 juxto
1012 1795 1201 1871 sequentem
1225 1791 1397 1855 rationem.

498 1940 501 1945 ’
581 1948 584 1955 '
636 1957 813 2053 Tnuonnut
837 1926 913 2029 XV,
936 1958 1123 2035 l’nonostrro
1148 1958 1262 2023 xxiv.
1349 1946 1352 1953 ’

459 2114 540 2183 licto
558 2118 643 2181 inter
666 2118 787 2182 eosdem
810 2117 975 2200 porntmns
999 2118 1207 2184 lorisootnlss
1226 2120 1471 2201 perpendiculo.
1505 2133 1531 2185 et

357 2224 457 2308 plone
478 2224 657 2291 sbnnwod
674 2227 749 2307 ejus
772 2229 835 2291 into
857 2229 1004 2303 termino,
1025 2228 1171 2309 spatium,
1198 2229 1283 2310 pund
1299 2247 1320 2292 n
1336 2229 1451 2302 meliti,
1463 2240 1530 2311 post

359 2348 472 2397 miset
491 2333 529 2396 itt
547 2334 776 2415 perpendiculo,
798 2353 892 2416 super
911 2334 1006 2422 plano
1027 2334 1146 2399 cuncto
1168 2336 1333 2416 conficitur
1346 2336 1381 2399 in
1399 2345 1531 2418 tempore

360 2438 488 2523 munti
508 2444 639 2524 tempori
660 2460 764 2519 emus,
785 2442 892 2525 majus
912 2455 957 2507 est
973 2445 1040 2524 ipse
1060 2444 1289 2526 perpendiculo,
1305 2446 1410 2509 minos
1428 2456 1529 2510 tomen

361 2566 461 2633 prtum
481 2549 611 2633 ὰφῑιιιιι
634 2552 770 2633 ejusdem
790 2553 1015 2634 perpendiculi.

452 2660 540 2725 luter
560 2661 692 2725 eusdem
711 2660 887 2741 parallelas
901 2661 1127 2726 horizonteles·
1140 2663 1203 2735 BC,
1217 2662 1273 2728 lli}
1287 2660 1374 2746 (Εἰς.
1391 2659 1447 2745 8l)
1463 2664 1530 2726 sint

363 2768 633 2850 perpendiculum
657 2769 714 2834 ΑΕ
737 2776 771 2833 et
794 2770 929 2851 planum
953 2771 1083 2836 elevato
1145 2770 1210 2844 ΕΒ,
1235 2788 1334 2852 super
1355 2788 1432 2851 quo,
1461 2776 1532 2852 post

360 2877 538 2942 cusumin
562 2876 796 2959 perpendiculo
819 2878 887 2950 ΑΒ,
908 2895 951 2941 ex
968 2880 1063 2943 termi
1176 2878 1234 2942 lint
1253 2877 1390 2943 'reflexio
1416 2896 1531 2943 versus

363 2988 391 3053 Β
420 2986 520 3063 Dico,
535 2986 692 3067 spetlum,
709 3001 766 3066 per
780 2985 875 3068 'quod
889 2987 1012 3051 mobile
1027 2987 1174 3052 escendit
1189 2989 1223 3051 in
1242 2994 1389 3070 tempore
1403 2988 1533 3070 emunit

366 3095 508 3178 tempori
530 3097 708 3161 descensus
731 3096 808 3164 ΑΕ,
845 3095 954 3177 majus
988 3110 1059 3158 esse
1092 3112 1191 3177 quum
1217 3096 1297 3169 ΛΕ,
1322 3097 1432 3160 miuus
1456 3114 1533 3160 vero

366 3190 471 3286 quum
491 3204 627 3288 duplum
650 3205 798 3290 ejusdem
822 3204 889 3269 ΑΕ.
913 3205 1059 3268 Ponatur
1081 3205 1148 3279 ΕΒ,
1174 3205 1236 3287 ipsi
1260 3205 1318 3269 ΑΕ
1338 3205 1485 3286 aequale,
1500 3210 1532 3266 et

364 3317 405 3376 ut
427 3310 483 3377 ΕΒ
503 3310 546 3377 ud
566 3312 631 3388 ΒΒ,
655 3314 700 3378 itu
725 3312 783 3376 lint
807 3312 861 3377 ΒΒ
884 3312 1005 3377 ‹ud-BF.
1024 3312 1223 3378 Ostendetur
1241 3314 1359 3396 primo,
1372 3318 1530 3394 puuctum

362 3420 486 3486 Fece
506 3421 661 3505 mum,
695 3439 762 3502 que
797 3421 917 3485 mobile
940 3427 1034 3487 motu
1058 3420 1181 3485 reflexo
1205 3438 1262 3503 per
1286 3422 1340 3486 ΕΒ
1366 3420 1532 3503 perveniet

361 3534 510 3611 tempore
531 3529 659 3610 aequali
685 3530 822 3611 tempori
848 3529 929 3600 AEz
964 3528 1105 3606 deinde,
1128 3530 1183 3594 EF
1207 3527 1316 3611 meins
1339 3545 1532 3608 essequam

360 3639 442 3715 ΕΔ,
477 3638 588 3703 minus
623 3656 700 3703 vero
733 3656 835 3722 quom
858 3639 998 3721 duplum
1020 3639 1178 3720 eiusdem.
1215 3638 1249 3705 Si
1286 3632 1532 3721 intelligamus,

360 3754 493 3831 tempus
514 3748 692 3813 descensus
717 3766 772 3830 per
795 3748 852 3812 ΑΕ
875 3765 947 3812 esse
971 3753 1008 3811 ut
1030 3747 1096 3818 ΑΕ,
1123 3750 1187 3812 erit
1208 3755 1339 3828 tempus
1358 3747 1533 3810 descensus

364 3872 422 3938 per
442 3856 509 3929 ΒΕ,
532 3872 591 3920 scu
615 3872 772 3921 aseensus
796 3872 853 3936 per
869 3856 934 3925 ΕΒ,
961 3861 996 3919 ut
1013 3856 1084 3937 ipsa
1101 3856 1193 3920 linea
1215 3855 1289 3928 ΒΒ;
1316 3871 1460 3935 cumque
1478 3854 1532 3920 llll

364 3961 474 4027 medis
494 3962 538 4028 sit
559 3963 645 4027 inter
667 3964 732 4040 ΕΒ,
756 3964 819 4040 ΒΕ,
841 3963 950 4045 sitque
975 3964 1028 4030 ΒΕ
1054 3971 1185 4045 tempus
1210 3962 1388 4026 descensus
1406 3978 1463 4042 per
1482 3968 1532 4026 tn·

365 4076 437 4135 tem
457 4071 537 4149 ΒΒ,
556 4071 620 4137 erit
643 4072 699 4137 lll)
721 4079 851 4154 tempus
874 4072 1051 4137 descensus
1076 4089 1132 4153 per
1157 4072 1231 4147 BF,
1260 4077 1293 4135 et
1327 4070 1454 4152 relique
1476 4070 1531 4134 ΒΕ

365 4188 497 4263 tempus
514 4181 691 4247 murus
713 4199 773 4264 per
794 4182 958 4264 reliquum
981 4182 1045 4246 ΒΕ.
1071 4183 1197 4247 Verum
1222 4181 1309 4246 idem
1331 4185 1381 4244 est
1405 4185 1533 4259 tempus

364 4306 426 4373 per
446 4290 499 4355 tm
519 4306 563 4355 ex
584 4291 695 4372 quiete
719 4292 752 4355 in
776 4292 813 4364 Β,
837 4297 935 4372 etque
956 4295 1088 4372 tempus
1111 4298 1269 4355 ascensus
1291 4306 1348 4370 per
1365 4287 1430 4359 EF,
1452 4284 1531 4349 dum

366 4401 402 4464 in
422 4399 451 4464 Ε
472 4397 571 4467 merit
593 4400 776 4465 velocitatis
799 4400 921 4483 gradus
944 4417 1002 4481 per
1023 4399 1218 4465 descensum
1234 4397 1299 4469 ΒΕ,
1316 4412 1373 4460 seu
1392 4393 1459 4467 ΑΒ,
1476 4408 1533 4457 uc·
1614 4443 1616 4447 .

362 4508 530 4590 quisitutz
559 4524 638 4591 ergo
660 4509 745 4573 idem
771 4512 899 4590 tempus
923 4507 978 4572 ΒΕ
1001 4508 1065 4571 erit
1086 4506 1131 4578 id,
1150 4507 1184 4570 in
1208 4521 1273 4586 quo
1296 4501 1428 4575 mobile,
1457 4506 1530 4582 post

363 4632 482 4682 cusu·
504 4632 546 4682 cx
568 4621 597 4682 A
621 4635 678 4700 per
701 4616 781 4693 ΑΕ,
803 4620 896 4680 motu
919 4615 1043 4680 rellexo
1067 4633 1124 4698 per
1146 4615 1224 4686 ΕΒ,
1247 4610 1396 4692 mevenit
1418 4608 1462 4675 ud
1484 4611 1532 4674 si-

364 4741 470 4808 gnum
493 4722 526 4791 F.
551 4725 700 4798 Positum
724 4728 836 4791 eutem
859 4729 920 4796 est.
944 4721 1001 4790 ΕΒ
1023 4742 1094 4795 esse
1117 4722 1253 4808 amunio
1276 4720 1338 4804 ipsi
1358 4718 1424 4791 ΑΕ,
1444 4718 1532 4800 quod
