3775 5759
644 692 815 738 arrruorrs
839 693 917 739 rma
943 693 1096 739 urousrrs
1121 693 1251 749 ouium.
1468 673 1533 743 287

364 824 473 880 estut
498 815 553 881 VO
576 815 617 879 ad
641 813 720 889 01),
744 816 790 878 iia
817 814 912 896 tripia
937 816 997 879 iix
1020 832 1098 878 oum
1137 815 1236 896 dupla
1264 816 1321 880 xl(
1346 821 1378 879 ot
1404 817 1458 880 NL
1489 817 1531 881 ud

365 924 495 1007 triplam
522 925 576 989 XL
599 942 676 987 oum
699 924 797 1006 dupia
824 924 884 989 xi<
908 932 941 989 oi
966 925 1041 990 iiii:
1064 930 1097 988 oi
1119 928 1367 1006 oompouuudo,
1391 936 1424 993 oi
1448 947 1529 994 cou-

364 1034 532 1109 verioudo,
566 1032 630 1098 erit
658 1031 716 1100 01)
739 1033 781 1098 ad
804 1033 877 1107 liv.
901 1041 937 1098 ut
961 1034 1018 1098 ΗΧ
1045 1052 1121 1098 oum
1145 1035 1244 1116 dupia
1280 1036 1340 1101 xi(
1374 1044 1407 1101 et
1437 1039 1533 1118 {ripis

365 1141 420 1205 XL
444 1140 488 1206 ad
510 1141 730 1225 quadruplam
754 1142 900 1223 ipsarum
926 1142 998 1215 iix,
1023 1142 1094 1230 NK,
1120 1143 1187 1208 XL.

453 1249 537 1316 suut
555 1247 818 1333 igiturdiiuoae
845 1248 1117 1331 proportionales,
1140 1245 1211 1319 ΗΧ.
1237 1249 1309 1324 iiii,
1329 1252 1394 1325 XL,
1416 1254 1482 1318 XS:
1498 1261 1532 1317 ei

362 1376 461 1442 quam
484 1360 646 1424 rationem
671 1359 771 1423 habet
795 1357 847 1424 NS
869 1361 912 1424 ad
935 1359 999 1433 sii.
1022 1360 1108 1424 hano
1131 1358 1230 1424 habet
1254 1361 1339 1424 iiusa
1362 1363 1523 1443 quaedam

364 1473 496 1550 sumpta
518 1466 578 1533 ΝΟ
599 1468 642 1531 ad
662 1468 794 1550 {ipsius
813 1467 883 1545 DV,
898 1485 1016 1550 nempe
1031 1470 1074 1534 ad
1089 1468 1169 1545 um
1185 1468 1248 1533 hoo
1267 1476 1326 1545 ast,
1341 1471 1382 1534 ud
1398 1475 1412 1548 i
1426 1472 1529 1553 ipsius

366 1578 443 1652 flK;
466 1595 566 1660 quam
588 1583 699 1642 auiam
723 1579 885 1643 raiioueru
907 1579 1007 1643 habet
1029 1579 1091 1643 EX
1113 1594 1189 1641 oum
1214 1577 1313 1660 dupia
1338 1578 1397 1644 XK
1417 1587 1449 1643 ot
1465 1581 1527 1643 iri·

365 1686 418 1770 pia
441 1685 497 1751 xL
520 1686 563 1750 ad
584 1686 801 1771 quadruplam
825 1688 973 1770 ipsamm
996 1689 1068 1766 iix,
1091 1688 1163 1764 XN.
1187 1689 1256 1764 XL,
1278 1688 1416 1756 eandem
1431 1690 1529 1755 habet

362 1796 429 1860 aiia
450 1795 612 1877 quaedam
635 1803 765 1878 sumpta
789 1796 847 1862 01)
868 1797 909 1861 ad
932 1798 1003 1874 DV,
1025 1797 1089 1863 hoo
1112 1804 1162 1863 ost
1185 1798 1227 1862 ad
1251 1796 1330 1863 HK:
1359 1816 1437 1881 ergo
1454 1797 1529 1884 (per

363 1919 403 1967 aa
436 1921 520 1987 quas
553 1906 776 1971 demonstrata
799 1905 897 1993 suut)
920 1908 978 1974 DN
1001 1910 1064 1973 orii
1085 1914 1204 1991 quarta
1228 1927 1303 1992 pars
1326 1909 1429 1991 ipsius
1452 1910 1528 1983 iix,

365 2012 427 2076 hoo
449 2016 509 2087 out,
531 2013 633 2095 ipsius
656 2014 734 2087 Αὓς
756 2031 856 2095 quare
880 2021 1037 2096 puuoium
1054 2014 1084 2081 N
1102 2016 1165 2079 orit
1184 2016 1358 2099 gravitatis
1373 2022 1524 2081 ooutrum

362 2121 449 2196 ooui,
479 2122 530 2186 vui
555 2123 747 2204 pyramidis,
767 2124 861 2206 oujus
885 2125 959 2189 axis
981 2124 1049 2189 ΑΙ).
1074 2123 1122 2190 su
1146 2124 1338 2207 pyramidis,
1363 2124 1414 2187 voi
1437 2127 1525 2201 coni,

363 2228 456 2312 ouius
478 2232 552 2295 axis
574 2232 645 2307 AV,
667 2238 817 2298 oeuirum
840 2234 1013 2315 gravitatis
1034 2235 1058 2299 1.
1082 2232 1218 2301 Constat
1239 2234 1351 2316 igitur,
1373 2239 1523 2299 deutrum

363 2340 536 2421 gravitatis
558 2339 652 2406 irusii
676 2358 747 2405 osse
762 2342 796 2405 iu
812 2342 898 2406 iiuea
916 2342 961 2407 ΙΝ
979 2343 1022 2407 ud
1039 2348 1148 2424 paries
1164 2341 1193 2408 N
1209 2349 1356 2415 extensa,
1373 2342 1408 2406 iu
1423 2361 1525 2425 doque

362 2444 431 2526 eius
455 2453 596 2528 puncto,
617 2449 672 2529 qui
696 2465 771 2513 oum
797 2453 918 2530 puuolo
941 2448 971 2515 N
995 2449 1115 2513 lineum
1140 2450 1337 2532 intercipiat,
1361 2451 1525 2533 adquam

363 2552 406 2618 lN
428 2569 501 2618 saur
524 2554 644 2620 haheat
666 2556 848 2633 rationem,
869 2573 970 2639 quam
992 2559 1174 2624 abscissum
1195 2558 1335 2624 frustum
1358 2561 1458 2625 habet
1480 2561 1523 2624 ad

363 2663 565 2746 pyramidum
589 2665 640 2729 voi
663 2681 805 2738 oouum,
829 2666 923 2749 oujus
945 2666 1019 2731 aris
1046 2666 1383 2734 summouendum
1412 2671 1524 2751 itaquo

365 2779 487 2847 rosnat,
511 2772 554 2840 ΙΝ
576 2775 619 2839 ad
642 2772 702 2844 No
719 2776 1001 2841 saudem'isaboro
1022 2776 1186 2841 rationum
1209 2795 1308 2860 quam
1328 2776 1468 2844 drusium
1482 2776 1525 2841 dd

362 2897 499 2959 oouum,
520 2885 615 2967 ouyus
636 2885 710 2949 axis
740 2887 808 2949 AV.
831 2885 892 2950 Est
914 2891 1024 2950 autom
1049 2892 1085 2948 ut
1106 2901 1222 2962 oouus,
1244 2886 1346 2969 ouius
1361 2885 1442 2950 axis.
1460 2885 1526 2960 dd,

363 2991 406 3057 ad
428 3010 560 3070 conum,
575 2995 669 3075 cujus
691 2996 764 3057 axis
787 2993 862 3067 AV,
884 2994 931 3056 ita
953 2993 1059 3055 oubus
1081 2991 1140 3054 DA
1161 2994 1203 3055 ad
1227 2994 1348 3058 oubum
1371 2994 1441 3065 AV,
1464 2994 1527 3058 boo

364 3102 563 3176 est,ouous
586 3101 646 3166 ΗΧ
669 3100 854 3164 adoubum
879 3097 956 3170 XK3
979 3096 1194 3162 iracundiam
1216 3098 1330 3161 eadsru
1364 3104 1415 3163 ost
1450 3117 1526 3180 pro-

366 3209 494 3291 portio,
516 3226 613 3290 quam
637 3208 736 3272 habai
758 3207 820 3273 iix
842 3208 884 3271 ad
908 3205 976 3271 NS:
997 3221 1099 3284 quaro
1132 3203 1325 3278 dividendo,
1348 3211 1384 3268 ui
1407 3204 1460 3269 HS
1476 3206 1525 3270 ud

361 3316 426 3391 sii,
449 3318 504 3380 iia·
517 3316 580 3379 urit
602 3314 767 3389 frustum,
787 3314 883 3397 ouius
906 3314 986 3377 axis·
1003 3312 1072 3389 DV,
1094 3313 1135 3377 ad
1159 3328 1280 3378 oouum
1301 3313 1353 3378 voi
1378 3315 1524 3396 pyrami·

360 3423 447 3502 dam,
461 3423 556 3507 uulua
572 3424 647 3487 axis
672 3421 743 3497 Vm
766 3427 816 3487 ost
838 3427 961 3495 auium,
984 3427 1021 3485 ui
1043 3421 1095 3487 fls
1118 3420 1162 3486 ad
1184 3419 1249 3495 SX,
1272 3420 1320 3485 ita
1342 3421 1442 3486 etiam
1459 3422 1524 3487 iiii

358 3531 401 3597 ad
422 3530 497 3600 0N:
521 3547 622 3613 quara
645 3530 786 3595 frustum
809 3530 851 3594 ad
875 3530 1090 3612 pyramidem,
1112 3529 1208 3612 oujus
1230 3530 1305 3593 aris
1327 3531 1398 3606 AV,
1418 3538 1470 3597 ost
1486 3539 1522 3597 ui

360 3641 423 3706 iiii
444 3641 486 3706 ad
508 3638 577 3709 ΝΟ.
600 3641 643 3705 ut
664 3641 739 3722 quia
754 3638 813 3705 AN
832 3643 910 3725 asty
927 3639 1032 3721 ipsius
1050 3638 1123 3713 um
1140 3639 1183 3703 Al
1194 3645 1309 3705 'auiam
1326 3646 1377 3704 est
1390 3649 1404 3726 ξ
1418 3642 1521 3723 ipsius

360 3749 433 3822 AV,
467 3750 531 3814 urit
568 3747 694 3829 reliqua
716 3745 761 3812 iN
782 3754 797 3827 y
818 3746 962 3828 reliquae
986 3746 1058 3820 VD:
1080 3764 1184 3828 quara
1204 3746 1248 3812 lN
1276 3750 1423 3829 aequalis
1458 3752 1522 3813 orit

362 3855 433 3937 ipsi
447 3855 521 3921 Ni).
548 3859 591 3920 st
613 3858 874 3921 demonstratum
903 3861 975 3931 ssi,
996 3854 1063 3920 NI)
1082 3854 1127 3918 ad
1149 3853 1209 3922 ΝΟ
1230 3873 1301 3920 assu
1323 3861 1359 3920 ui
1381 3856 1520 3924 frustum

360 3965 402 4030 ad
423 3982 542 4031 oouum
565 3967 647 4040 AV}
669 3969 799 4030 uousiat
820 3981 922 4046 orgo,
945 3962 1029 4026 hauc
1052 3963 1191 4028 eandam
1213 3965 1372 4028 raliouom
1400 3966 1521 4031 habore

359 4074 460 4139 eiiam
481 4074 525 4139 IN
544 4073 588 4139 ad
606 4073 681 4141 NO:
704 4091 805 4155 quaro
830 4077 917 4154 patei
942 4074 1154 4153 propositum.
