3775 5759
361 658 426 723 168
664 671 810 720 ureuoum
834 671 935 718 nuces
960 667 1062 715 nuova
1087 665 1211 713 surenas

679 830 854 894 Tamucus
879 827 921 895 ll.
943 828 1130 907 Puerosrrro
1154 824 1191 888 ll.

443 998 482 1064 Si
503 997 629 1082 aliquod
650 998 759 1063 mobile
781 1005 868 1062 ructu
884 995 1087 1077 uniformiter
1103 992 1276 1057 eccelucte.
1296 988 1464 1055 descendet
1478 1006 1517 1051 ea

356 1110 477 1191 quiete,
511 1108 615 1189 spatio
637 1108 877 1189 quibuscunque
901 1104 1086 1186 temporibus
1113 1101 1154 1167 ab
1178 1083 1310 1184 ipso‘ex
1332 1097 1447 1180 quiete
1468 1115 1519 1177 pr·

356 1226 447 1283 ructu
466 1227 542 1281 suut
564 1217 646 1281 iuter
666 1236 698 1282 se
720 1219 755 1280 iu
777 1215 934 1303 duplicutc
967 1214 1089 1286 ratione
1122 1209 1290 1277 mundent
1308 1216 1517 1289 temporum:

357 1343 463 1408 nempe
484 1335 520 1389 ut
542 1325 710 1389 eorundem
734 1332 906 1405 temporum
928 1321 1096 1405 quadrata.
1171 1328 1174 1335 '

447 1435 653 1518 lntelligatur
675 1434 787 1501 buxus
812 1433 968 1514 temporis
995 1448 1036 1495 ex
1065 1430 1176 1512 aliquo
1200 1428 1306 1511 primo
1328 1424 1466 1491 instanti
1491 1428 1514 1487 A

359 1545 443 1630 (Fiq.
466 1543 523 1629 l'll
544 1543 782 1627 repraesentari
807 1560 864 1625 per
887 1540 1111 1621 extensionem
1131 1539 1196 1608 AB.
1212 1537 1247 1602 iu
1263 1552 1327 1619 qua
1343 1539 1518 1599 sumantur

358 1657 425 1721 duo
445 1654 612 1737 quaelibet
633 1658 781 1735 tempera
804 1651 873 1725 ab.
897 1650 976 1722 Ali:
999 1650 1108 1730 sitque
1130 1648 1174 1715 lll
1197 1647 1295 1720 linea,
1312 1645 1347 1709 in
1366 1657 1435 1726 qua
1450 1658 1517 1707 mo

357 1762 422 1827 bile
444 1767 631 1843 expuncto
653 1759 693 1830 ll,
717 1764 873 1839 tauquam
898 1759 1005 1841 primo
1028 1761 1136 1821 motus
1151 1753 1324 1836 principio.
1341 1749 1516 1817 descendat

358 1869 566 1935 uniformiter
583 1869 827 1940 acceleratum
850 1867 957 1948 sitque
981 1863 1127 1948 spatium
1146 1864 1391 1946 lib-peractum
1416 1860 1517 1943 prino

360 1983 503 2057 tempore
525 1974 605 2050 ab,
631 1974 697 2041 llll
721 1991 799 2038 vero
821 1973 865 2038 sit
886 1972 1031 2055 spatium
1056 1987 1113 2053 per
1134 1970 1223 2053 quod
1245 1966 1454 2035 descenderit
1484 1969 1515 2032 in

360 2092 504 2166 tempore
526 2085 593 2149 ΑΕ.
615 2084 713 2158 Dice,
730 2083 875 2163 spatium
898 2080 964 2146 bill
989 2081 1033 2145 ad
1056 2080 1200 2162 epatium
1225 2079 1280 2143 tlt,
1303 2094 1377 2142 esse
1399 2077 1435 2141 ln
1459 2076 1515 2142 du-

360 2193 483 2276 plicata
504 2195 632 2261 ratione
654 2191 736 2274 ejus,
758 2208 859 2272 quam
882 2190 980 2256 babet
1002 2196 1131 2272 tempus
1153 2189 1210 2255 EA
1233 2187 1275 2251 ad
1300 2193 1433 2269 tempus
1455 2184 1515 2249 Alb

360 2302 425 2367 Seu
449 2303 611 2375 dieamus,
633 2301 738 2383 spatia
763 2299 839 2375 ΜΗ,
861 2299 917 2365 llL
932 2300 1068 2364 eandem
1085 2298 1218 2363 babere
1241 2296 1405 2361 rationem
1421 2310 1515 2377 qnam

361 2411 483 2475 babent
505 2410 667 2491 quadrata
693 2409 771 2484 EA,
804 2408 873 2473 Ab.
906 2409 1051 2474 Ponatur
1074 2408 1160 2472 linea
1183 2406 1261 2481 AC,
1291 2420 1518 2487 quemcunque

360 2520 520 2603 angulum
543 2536 622 2583 cum
645 2520 715 2599 ipsa
738 2518 794 2583 AB
812 2519 1005 2593 coutineus;
1027 2535 1069 2581 ex
1091 2516 1222 2599 punctis
1247 2532 1326 2581 vero
1347 2512 1389 2587 1),
1413 2514 1516 2579 Edu·

359 2634 433 2692 ctae
451 2628 519 2692 sint
540 2626 716 2707 parallelae
738 2624 815 2702 ΒΟ,
839 2626 915 2699 ΕΡ,
943 2641 1084 2706 querum
1108 2623 1215 2690 ll0,si
1239 2622 1451 2706 concipiatur
1472 2638 1517 2686 m·

360 2742 569 2816 praesentare
580 2736 762 2800 maximum
779 2733 1121 2817 gradumvelocitatis
1138 2734 1321 2815 acquisitae
1336 2733 1371 2798 in
1387 2731 1516 2797 instant

362 2844 391 2906 Ι)
414 2844 570 2924 temporis
594 2843 673 2917 Al);
706 2844 759 2909 PE
783 2843 1039 2925 repraesentabit
1060 2860 1102 2907 ex
1124 2843 1313 2909 delinitione
1337 2843 1517 2907 maximum

363 2950 501 3032 gradum
527 2950 713 3016 velocitatis
734 2951 916 3033 acquisitae
934 2952 968 3015 in
984 2952 1118 3017 instanti
1134 2953 1161 3017 Ε
1180 2952 1335 3034 temporis
1350 2952 1421 3017 ΑΕ.
1437 2952 1518 3031 Qult

362 3077 440 3123 vero
463 3078 561 3142 supra
587 3061 845 3126 demonstratum
863 3067 922 3135 est,
937 3061 1025 3143 quod
1048 3062 1165 3125 attinet
1184 3062 1226 3125 ad
1245 3061 1352 3142 spatia
1378 3067 1519 3143 peracta,

359 3171 510 3252 aequalia
533 3190 606 3236 esse
629 3173 713 3237 inter
737 3190 770 3235 se
794 3173 861 3246 illa,
884 3189 1025 3255 quorum
1051 3173 1190 3237 alterum
1214 3171 1393 3236 conficitur
1414 3189 1436 3235 a
1454 3188 1519 3236 mo

359 3276 418 3342 bili
440 3297 482 3342 ex
506 3282 617 3361 quiete
652 3285 744 3342 motu
779 3278 988 3343 uniformiter
1022 3281 1227 3352 accelerato;
1255 3279 1401 3343 alterum
1424 3296 1520 3351 vem,

358 3388 446 3467 quod
484 3394 628 3467 tempore
651 3387 767 3452 eodem
789 3388 966 3452 conficitur
988 3406 1007 3451 a
1031 3388 1143 3453 mobili
1169 3390 1250 3453 moti
1274 3388 1443 3468 aequabili
1467 3388 1520 3452 dc·

360 3495 450 3567 lato,
472 3495 569 3575 eujus
595 3494 752 3584 velocitas
776 3495 939 3575 subdupla
962 3497 1006 3559 sit
1028 3497 1193 3561 maximae
1216 3498 1249 3560 in
1275 3503 1366 3561 motu
1393 3496 1520 3560 accele-

362 3606 434 3664 rato
457 3601 658 3681 acquisitam
682 3607 831 3673 constat,
854 3601 960 3682 spatia
985 3581 1082 3673 blll.¹
1096 3603 1149 3667 [Η
1174 3620 1244 3666 esse
1267 3601 1406 3675 eadem,
1439 3617 1522 3683 quae

360 3711 505 3776 motibus
528 3711 741 3793 aequalibus.
778 3729 919 3792 quorum
954 3713 1145 3778 velocitates
1175 3720 1282 3777 essent
1304 3718 1342 3776 ut
1365 3712 1523 3777 dimidiae

360 3819 424 3889 PE.
441 3818 510 3892 01),
524 3817 765 3883 conficerentur
789 3819 822 3882 in
848 3821 1049 3902 temporibus
1069 3822 1136 3890 ΕΑ,
1154 3822 1221 3885 ba.
1241 3822 1273 3887 Si
1294 3822 1398 3903 igitur
1411 3827 1523 3885 osten·

360 3939 433 3987 sum
457 3923 576 3994 luerit.
600 3923 681 3988 baec
705 3927 810 4006 spatia
834 3926 925 4001 llll,
947 3928 1002 3992 Lll
1030 3944 1100 3990 esse
1133 3929 1167 3992 in
1198 3930 1363 4012 duplicata
1396 3931 1524 3994 ratione

361 4039 545 4110 temporum
565 4032 638 4105 ΕΛ,
654 4034 727 4104 ba,
751 4034 914 4098 intentum
934 4036 1107 4116 probatum
1123 4037 1196 4100 erit.
1216 4040 1338 4103 Verum
1354 4038 1388 4102 iu
1405 4046 1524 4120 quarta

360 4140 579 4222 propositione
599 4144 695 4223 primi
715 4144 791 4208 libri
812 4145 1074 4211 demonstratum
1091 4152 1150 4221 est,
1167 4149 1338 4213 mobilium
1354 4149 1523 4231 aequabili

361 4255 452 4315 motu
477 4249 621 4315 latorum
645 4254 752 4332 spatia
777 4262 908 4335 peracta
932 4255 1053 4320 habere
1077 4258 1163 4321 iuter
1184 4275 1220 4322 se
1243 4259 1408 4323 rationem
1431 4274 1526 4322 com·

361 4341 500 4439 positam
524 4376 565 4421 ex
592 4360 717 4422 ratione
742 4361 956 4427 velocitatum
980 4371 1012 4427 et
1035 4382 1077 4428 ex
1097 4368 1223 4429 ratione
1249 4375 1452 4447 temporum:
1472 4365 1525 4429 bic

361 4476 472 4535 autem
507 4472 592 4534 ratio
627 4471 841 4535 velocitatem
868 4478 917 4536 est
939 4474 1053 4538 eadem
1078 4493 1155 4539 cum
1180 4476 1307 4539 ratione
1336 4480 1523 4556 temporum

362 4577 485 4661 (quam
507 4582 595 4645 enim
621 4582 782 4645 rationem
811 4580 907 4645 babet
943 4584 1078 4648 dimidia
1107 4586 1158 4650 PE
1181 4586 1222 4648 ad
1248 4586 1418 4649 dimidiam
1442 4583 1524 4657 ob.

361 4702 418 4747 seu
444 4693 509 4750 teta
535 4690 585 4752 Pl]
609 4691 650 4753 acl
675 4694 776 4753 totarn
801 4690 868 4766 (tt),
892 4692 975 4756 lianc
1001 4696 1096 4759 babet
1122 4695 1176 4759 ΛΕ
1202 4697 1241 4759 ad
1262 4695 1354 4779 ab),
1372 4714 1453 4780 erqo
1470 4714 1526 4761 re-
