3775 5759
643 690 814 739 seruantes
839 694 917 739 ιιιι
941 693 1092 740 cressum
1115 694 1247 751 nutari.
1459 678 1547 758 etit,

365 813 430 877 ΝΜ
447 809 636 885 consistere,
659 818 691 876 et
714 812 756 875 ad
781 813 875 877 basin
897 812 972 877 enni
993 812 1099 895 magis
1116 812 1271 875 accedere
1286 814 1421 893 quamS
1441 833 1525 895 pun-

363 928 464 990 ctum,
486 920 756 1000 circumscriptae
781 936 860 984 vero
884 922 1059 1003 gravitatis
1078 928 1226 984 centrum
1244 921 1394 985 similiter
1410 923 1442 985 in
1463 941 1526 986 axe

363 1029 429 1095 ΝΜ
449 1045 532 1102 esse,
553 1035 586 1091 ct
610 1029 722 1091 vertici
749 1032 960 1111 propinquius
983 1047 1081 1110 quam
1106 1031 1148 1094 sit
1172 1029 1204 1095 S.
1228 1030 1433 1111 intelligatur
1458 1035 1522 1098 ita-

360 1156 424 1220 que
445 1138 604 1220 inscripta
623 1136 729 1220 figura
752 1156 793 1201 ex
817 1139 988 1223 cylindris,
1007 1156 1145 1220 quorum
1171 1157 1249 1205 axes
1274 1142 1343 1209 tle.
1367 1142 1436 1215 cu,
1462 1144 1525 1215 BE,

361 1246 418 1312 ΕΑ
444 1247 599 1327 aequales
631 1248 708 1311 sint.
743 1248 873 1311 Primus
897 1248 1008 1329 itaque
1031 1248 1210 1337 cylindrus.
1235 1249 1330 1329 cuius
1355 1251 1427 1313 axis
1453 1252 1523 1323 tle.

362 1354 405 1419 ad
429 1354 627 1439 cylindrum,
649 1355 745 1436 eujus
765 1358 838 1419 axis
861 1355 936 1430 CB,
960 1356 1098 1421 eandem
1121 1358 1220 1422 inaltet
1244 1360 1403 1423 rationem
1427 1378 1524 1441 quam

362 1482 424 1531 sua
457 1464 547 1529 naus
582 1464 625 1528 ad
663 1465 757 1529 basin
792 1466 928 1529 alterius
968 1463 1068 1550 (sunt
1106 1469 1194 1531 enim
1228 1484 1340 1531 eurum
1378 1469 1527 1533 altitudi-

363 1594 424 1641 nes
446 1573 643 1661 aequuleslz
663 1574 744 1641 haec
780 1583 891 1640 autem
914 1576 1002 1640 ratio
1023 1577 1137 1641 eadem
1160 1583 1210 1641 est
1232 1577 1284 1652 ei,
1307 1594 1404 1657 quam
1430 1577 1526 1641 habet

362 1684 561 1767 quadratum
585 1682 640 1750 GN
665 1683 706 1747 nd
729 1682 926 1766 quadratum
956 1683 1022 1749 NB.
1059 1683 1101 1748 Et
1135 1684 1286 1749 similiter
1317 1684 1527 1754 ostendetur,

361 1792 560 1876 cylindrum,
581 1791 677 1873 culus
700 1792 774 1855 axis
796 1790 860 1862 CB,
882 1792 922 1855 ad
947 1790 1145 1873 cylindrum,
1164 1791 1260 1872 cujus
1278 1790 1351 1856 axis
1368 1791 1433 1865 BE,
1448 1809 1527 1855 ean·

364 1900 443 1967 dem
463 1899 584 1967 habere
599 1900 760 1965 rationem
779 1917 878 1981 quam
897 1901 1096 1981 quadratum
1113 1898 1168 1963 BN
1183 1899 1224 1964 ad
1241 1900 1436 1981 quadratum
1460 1898 1529 1971 ΝΕ,

362 2008 541 2075 cilindrnm
560 2028 650 2082 rere,
667 2010 762 2091 cuius
785 2010 859 2076 axis
882 2008 947 2081 BE.
966 2009 1008 2072 ad
1025 2009 1211 2090 cylindrum
1234 2010 1327 2073 circa
1341 2027 1439 2073 axem
1458 2009 1526 2081 Ed.

362 2136 449 2193 eam,
470 2134 571 2201 quam
598 2119 677 2184 ubet
702 2117 901 2198 quadratum
937 2116 996 2183 EN
1030 2116 1073 2181 ad
1102 2116 1299 2198 quadratum
1334 2117 1419 2191 ΝΑς
1451 2127 1527 2183 sunt

361 2235 474 2294 autern
497 2226 602 2291 lineae
625 2224 693 2300 NG,
716 2224 781 2295 NB,
806 2224 875 2298 NE,
898 2224 958 2301 ΝΑ
982 2241 1052 2289 sese
1075 2224 1255 2305 aequaliter
1274 2225 1480 2298 excedentes,
1495 2231 1528 2288 et

361 2352 478 2402 eurum
512 2350 669 2401 excessus
702 2341 886 2416 aequantur
919 2335 1099 2405 minimae,
1127 2351 1242 2415 nempe
1267 2334 1327 2416 ipsi
1351 2333 1420 2399 ΝΔ.
1445 2333 1527 2400 Sunt

362 2446 467 2529 igitur
487 2443 730 2528 magnitudines
752 2445 926 2527 quaedam,
950 2462 1067 2526 nempe
1099 2444 1247 2525 inseripti
1272 2442 1425 2525 cylindri,
1453 2460 1526 2507 cam

362 2558 451 2619 inter
473 2569 509 2619 ae
528 2560 765 2636 mnseqnenter
788 2555 949 2619 rationem
975 2554 1153 2629 habentes,
1174 2572 1272 2636 quam
1296 2553 1460 2635 quadrata
1488 2553 1529 2615 li·

364 2680 505 2730 aearum
527 2680 598 2729 sese
621 2664 801 2746 aequaliter
823 2663 1065 2738 excedentium,
1083 2670 1117 2728 et
1133 2680 1272 2744 quarum
1285 2650 1446 2727 'excessus
1465 2660 1529 2724 mi·

365 2774 475 2839 nimae
495 2777 675 2857 secutur:
713 2779 854 2854 suntque
875 2773 923 2835 lta
947 2771 1096 2853 dispositi
1120 2772 1153 2836 in
1178 2770 1263 2837 libra
1294 2770 1355 2843 Ti,
1391 2774 1428 2833 ut
1461 2768 1530 2831 sin-

363 2880 519 2965 gulnrum
542 2876 654 2945 ce'utra
680 2880 883 2963 gravitatum
907 2880 940 2943 iu
963 2895 1014 2954 ea,
1036 2886 1069 2942 et
1091 2879 1125 2942 in
1149 2876 1314 2943 distantiis
1337 2876 1530 2958 aequalibus

362 2988 558 3053 consistant.
569 2986 631 3052 Per
643 3004 682 3051 en
700 2987 812 3069 igitur.
828 3003 913 3067 quae
928 3003 1028 3066 supra
1045 2987 1268 3048 demonstrata
1287 2990 1374 3056 sunt,
1390 2989 1529 3055 constat,

367 3095 546 3176 gravitatis
566 3102 716 3161 centrum
740 3095 889 3159 omnium
917 3095 965 3157 ita
992 3092 1249 3174 compositorum
1274 3092 1392 3157 libram
1416 3093 1455 3158 Tl
1481 3093 1526 3153 ita

362 3203 524 3278 dividere,
546 3210 583 3269 ut
606 3222 682 3285 pare
706 3224 819 3271 versus
843 3206 868 3271 Τ
890 3207 934 3269 sit
954 3204 1060 3285 major
1074 3220 1173 3283 quam
1193 3201 1289 3283 tripla
1306 3202 1462 3283 reliquae.
1480 3200 1527 3265 Sit

360 3313 426 3377 ltoc
449 3320 600 3381 centrum
622 3313 673 3390 03
697 3322 745 3381 cst
768 3333 848 3397 ergo
870 3313 926 3380 TO
951 3314 1055 3396 maior
1077 3329 1175 3393 quam
1211 3309 1308 3392 tripla
1344 3311 1446 3391 ipsius
1475 3306 1527 3373 01.

364 3422 489 3488 vuum
512 3422 569 3489 ΤΝ
593 3424 690 3505 tripla
714 3431 763 3489 est
786 3422 827 3487 ad
851 3422 923 3493 lltl;
945 3439 1024 3501 ergo
1049 3425 1116 3483 tota
1140 3418 1204 3483 ΜΟ
1224 3419 1331 3481 minor
1347 3418 1411 3481 erit
1426 3430 1526 3499 quam

361 3549 440 3613 pars
463 3537 582 3613 quarta
605 3532 705 3597 totins
728 3530 804 3605 ΜΝ,
820 3531 916 3613 culus
934 3526 992 3593 lus
1013 3544 1087 3608 pars
1106 3533 1225 3607 quarta
1242 3526 1347 3607 posita
1366 3531 1425 3589 est.
1441 3523 1528 3597 Cun-

362 3647 541 3724 stat-eryc,
565 3642 696 3723 signum
719 3641 748 3707 0
770 3641 840 3706 basi
855 3638 929 3703 coni
948 3637 1054 3718 magis
1068 3636 1224 3701 accedere
1239 3652 1337 3715 quam
1355 3634 1387 3699 S.
1404 3635 1526 3699 Verum

363 3752 409 3816 sit
426 3750 499 3833 lam
520 3750 774 3833 circumscripta
796 3749 904 3832 figura
926 3752 1082 3812 constans
1105 3761 1146 3811 ex
1170 3743 1351 3825 cylindris,
1386 3759 1523 3823 quorum

364 3874 447 3921 axes
467 3858 541 3935 ltu,
563 3857 717 3935 GB,-BE,
739 3859 807 3932 ΕΑ.
830 3856 889 3921 ΑΝ
912 3857 998 3920 inter
1021 3872 1055 3919 se
1078 3855 1144 3918 sint
1166 3853 1345 3934 aequales;
1366 3851 1526 3924 similiter,

367 3970 404 4028 ut
436 3963 479 4031 de
508 3966 685 4050 inscriptis,
707 3966 912 4040 ostendetur,
934 3980 1006 4028 esse
1028 3963 1170 4026 interne
1193 3961 1279 4025 sicut
1301 3959 1461 4041 quadrata
1486 3958 1526 4021 li·

367 4086 505 4137 nearum
525 4072 615 4151 ΜΝ,
638 4075 705 4149 NG,
728 4074 806 4148 ΒΝ.
829 4073 898 4146 ΝΕ,
920 4072 979 4138 ΑΝ
990 4119 999 4148 ,
1026 4068 1111 4153 unae
1132 4087 1203 4134 sese
1226 4066 1408 4150 aequaliter
1428 4082 1525 4129 exce·

364 4182 462 4254 duni,
480 4197 696 4266 eamusque
714 4188 873 4265 aequatur
890 4182 1047 4247 minimae
1062 4177 1145 4252 All3
1167 4192 1270 4259 quare
1289 4192 1345 4257 per
1365 4170 1524 4255 praemis·

363 4302 451 4363 mm.
467 4294 614 4357 centrmn
631 4292 806 4376 gravitatis
815 4293 966 4357 omnium
984 4287 1211 4372 cylindrorum
1226 4287 1271 4349 ita
1283 4281 1525 4365 dispositorum,

365 4394 721 4479 demurmurans
744 4402 789 4469 ltl
810 4404 858 4468 sie
882 4399 1019 4473 dividet,
1041 4403 1079 4463 nt
1102 4413 1178 4479 pars
1202 4410 1315 4459 versus
1338 4390 1387 4461 li.
1410 4401 1525 4465 nempe

366 4504 450 4580 RV,
482 4506 625 4591 reliquae
659 4510 703 4577 vl
736 4512 779 4578 sit
803 4509 910 4592 major
933 4524 1032 4589 quarn
1058 4502 1177 4587 tripla;
1201 4498 1256 4565 Tll
1280 4512 1358 4559 vern
1380 4491 1524 4573 ejusdem

366 4612 475 4677 nrinor
495 4616 557 4681 erit
579 4638 680 4701 quum
704 4621 812 4704 tripla.
841 4619 904 4689 Sed
926 4618 984 4683 NT
1009 4615 1106 4700 tripla
1132 4615 1183 4673 est
1204 4607 1307 4687 ipsius
1330 4602 1401 4671 lli:
1425 4597 1526 4680 igilur·

366 4727 434 4785 tota
458 4724 521 4791 vll
545 4728 652 4810 major
674 4737 722 4795 est
745 4747 846 4812 quam
871 4745 947 4810 pars
970 4731 1089 4809 quarta
1115 4719 1215 4786 totius
1239 4712 1325 4783 ΜΝ,
1348 4707 1444 4791 cujus
1468 4702 1525 4768 MS

487 4830 613 4891 (ὶιιιιιιο
632 4836 758 4892 tiirrrm.
779 4868 810 4877 -
831 4835 862 4888 Ἰ“.
885 4833 968 4888 xtlt.
1410 4817 1443 4864 :td
