3775 5759
366 635 431 698 222
675 645 819 694 nrsnoonr
845 645 947 692 nucnn
970 644 1073 692 rnovs
1092 644 1217 693 scrnnsn

368 777 474 835 mente
497 771 649 853 concipio
672 770 762 834 omni
786 768 916 834 secluso
939 769 1196 852 impedimenlo:
1228 767 1298 848 jam
1334 770 1468 830 constat
1495 783 1535 826 ex

367 880 429 956 bis,
450 895 535 961 qnae
554 878 661 943 fusius
684 878 764 942 alibi
788 876 878 941 dicta
903 883 991 951 sunt,
1015 876 1105 940 illius
1129 880 1256 940 molum
1276 872 1486 955 aequabilem
1503 878 1533 932 et

365 995 558 1071 perpetuum
583 1005 681 1069 super
704 987 775 1068 ipso
800 986 897 1067 plano
920 984 1073 1074 futurum
1096 1002 1184 1061 esse,
1208 985 1235 1048 si
1261 984 1400 1066 planum
1425 982 1460 1045 in
1484 981 1535 1045 in·

366 1097 497 1162 finitum
520 1097 739 1169 extendatur:
765 1098 792 1160 si
817 1113 895 1185 vero
919 1096 1148 1173 terminatum,
1170 1101 1204 1161 et
1227 1092 1420 1181 insublimi
1447 1091 1534 1173 posi·

364 1210 435 1268 tum
460 1190 696 1284 intelligamus,
713 1192 860 1278 mobili,
873 1201 962 1284 quod
984 1200 1151 1286 gravitate
1168 1201 1353 1285 praeditum
1369 1200 1532 1282 concipio,

366 1315 408 1376 ad
433 1312 520 1394 plani
551 1311 729 1375 torminum
754 1311 912 1387 delatum,
936 1311 1075 1375 ulterius
1100 1309 1332 1394 progrediens,
1368 1309 1530 1391 aequabili

365 1425 463 1499 atque
486 1416 650 1482 indelebili
676 1418 776 1499 priori
799 1417 915 1481 lationi
940 1416 1140 1498 superaddet
1162 1417 1265 1493 illam,
1287 1433 1391 1498 quam
1413 1435 1435 1480 a
1457 1434 1534 1498 pro-

365 1528 437 1609 pria
461 1526 625 1609 gravitate
647 1524 746 1590 babet
769 1526 922 1590 deorsum
952 1525 1224 1607 propensionem,
1246 1524 1390 1606 indeque
1426 1532 1534 1588 motus

366 1637 500 1719 quidam
525 1642 671 1717 emerget
692 1635 894 1716 compositus
916 1652 958 1699 ex
976 1634 1145 1716 aequabili
1181 1632 1404 1709 borlzoutali,
1428 1638 1464 1697 et
1496 1650 1532 1695 ex

366 1749 518 1814 deorsum
538 1746 733 1811 naturaliter
746 1749 939 1822 accelerato,
951 1764 1049 1829 quem
1066 1747 1300 1828 projectionem
1317 1763 1412 1810 voco.
1429 1744 1530 1826 Gujm

365 1857 550 1921 accidentia
572 1855 729 1934 nonnulla
754 1856 1069 1931 demonstrabimns;
1089 1872 1231 1936 quornm
1250 1855 1396 1937 primum
1413 1856 1471 1919 sit.

711 2027 889 2092 Turonum
909 2027 931 2094 l,
956 2027 1140 2090 Pnorosrrro
1163 2024 1185 2087 1.

453 2179 644 2263 Projcctum',
658 2181 734 2246 dum
742 2179 848 2263 {ertur
865 2188 954 2246 motu
967 2180 1134 2262 composito
1150 2198 1191 2244 ee
1205 2178 1397 2244 borisontcli
1411 2197 1530 2263 nequo·

364 2289 428 2366 lili,
441 2299 471 2352 ct
486 2307 527 2355 en
541 2290 732 2354 naturaliter
748 2288 918 2353 accelerato
934 2288 1091 2395 eorsum,
1111 2288 1224 2352 lineum
1238 2289 1524 2377 semiporobollcprr

361 2396 506 2462 describit
528 2399 562 2461 in
585 2415 646 2461 suo
665 2397 789 2462 lotione.

451 2615 545 2682 Ssun.
569 2602 596 2680 F,
619 2615 730 2692 torsa,
756 2617 821 2700 Siq.
846 2618 1009 2693 Salviati,
1032 2619 1064 2682 in
1088 2619 1199 2702 grania
1223 2619 1256 2682 di
1286 2634 1340 2682 me
1369 2618 1409 2683 ed
1438 2636 1529 2689 aneo.

363 2722 462 2786 oredo
486 2725 528 2794 io,
549 2724 599 2787 del
618 2721 685 2805 Sig.
700 2723 882 2806 Simplicio,
905 2725 1033 2806 tarqui
1058 2744 1104 2790 un
1134 2742 1216 2808 poco
1239 2727 1272 2792 di
1302 2742 1426 2809 pausa:
1455 2744 1528 2792 eon·

359 2826 547 2895 ciossiachd
565 2833 598 2896 io
617 2850 682 2896 non
708 2834 753 2899 mi
776 2850 835 2900 son
862 2839 954 2897 tanto
977 2834 1134 2901 inoltrato
1149 2835 1237 2903 nella
1255 2837 1454 2919 geometria,
1474 2835 1528 2901 cbc

362 2941 396 3005 io
417 2940 514 3004 abbia
538 2939 619 3005 tatto
642 2942 752 3006 studio
776 2942 809 3007 in
834 2940 1020 3024 Apollonio,
1036 2960 1070 3007 se
1093 2926 1212 3008 nonin
1235 2948 1361 3025 quanto
1380 2960 1419 3008 so
1438 2943 1527 3008 cb'rl

361 3055 461 3114 tratla
486 3051 518 3114 di
543 3058 656 3132 queste
681 3053 834 3133 parabole
856 3071 874 3115 e
897 3052 1070 3117 dell'allm
1093 3054 1214 3117 sczioni
1243 3053 1406 3130 conicbe,
1433 3072 1526 3118 senza

361 3160 391 3223 la
426 3161 617 3243 cognizlone
640 3163 723 3225 delle
745 3163 832 3243 quali
856 3181 875 3225 c
897 3163 982 3225 delle
1006 3163 1055 3225 lor
1078 3163 1222 3245 passioni
1247 3181 1313 3226 non
1346 3165 1450 3227 oredo
1472 3164 1526 3228 obe

359 3270 509 3332 intendes
542 3272 568 3334 si
604 3289 745 3352 possano
775 3272 805 3333 le
828 3273 1075 3336 dimostrazioni
1100 3273 1132 3335 di
1158 3274 1246 3336 altre·
1265 3274 1525 3381 propositionis

364 3381 472 3460 quelle
496 3380 654 3444 aderenti.
678 3381 704 3444 E
731 3379 847 3461 perche
871 3376 925 3463 gia
949 3382 1035 3444 nella
1059 3382 1144 3446 bella
1169 3384 1273 3464 prima
1303 3384 1527 3464 proposizione

360 3490 389 3550 ci
415 3490 488 3551 vien
515 3496 668 3569 proposto
692 3488 896 3552 dall'dulore
928 3489 1057 3554 doversi
1082 3491 1278 3555 dimostrato
1302 3491 1334 3553 la
1354 3491 1445 3555 linea
1473 3491 1526 3555 de·

358 3597 474 3659 scritta
497 3595 551 3658 dal
575 3594 713 3675 proJotto
736 3613 825 3659 esser
847 3597 1047 3677 parabolica,
1064 3600 1107 3661 mi
1127 3617 1168 3662 vo
1185 3600 1437 3680 immuginando
1454 3600 1523 3667 obe,

358 3722 423 3768 non
449 3704 627 3768 dovendosi
654 3711 775 3767 trattur
797 3706 828 3769 dt
853 3707 939 3770 altro
963 3708 1023 3771 che
1047 3709 1077 3771 di
1105 3710 1161 3772 lali
1180 3710 1274 3784 linee,
1294 3709 1344 3772 sia
1360 3709 1525 3775 assoluta-

360 3819 467 3876 mente
501 3815 687 3879 necessario
711 3832 809 3879 avere
833 3835 897 3879 una
923 3816 1059 3899 perfetta
1088 3820 1320 3901 intelligonza,
1344 3835 1379 3882 se
1405 3837 1472 3883 non
1496 3818 1524 3880 di

295 3906 300 3912 ⁹
359 3930 442 3988 tutte
465 3928 495 3989 le
519 3929 662 4008 passioni
687 3929 718 3991 di
745 3930 802 3993 lali
828 3931 933 4012 figure
956 3933 1149 3994 dimostrale
1172 3933 1214 3995 da
1245 3933 1442 4013 Apollonio,
1480 3934 1525 3995 al·

359 4053 456 4100 meno
479 4036 511 4099 di
536 4038 642 4117 quelle
666 4038 728 4101 obe
752 4057 808 4120 per
831 4039 863 4101 la
887 4047 1035 4119 presente
1057 4041 1185 4104 solcum
1209 4060 1268 4106 son
1292 4043 1492 4105 necessarie.

447 4146 541 4211 Srnv.
567 4148 603 4210 V.
630 4148 659 4211 S.
685 4149 711 4211 si
729 4149 843 4211 umiliu
861 4150 971 4223 molt0,
987 4149 1155 4214 volendosi
1173 4151 1222 4214 lar
1239 4169 1348 4213 nuovo
1366 4150 1399 4212 di
1417 4150 1526 4231 quelle

357 4256 563 4337 cognicioni,
587 4256 616 4317 le
640 4256 729 4335 quali
754 4276 816 4320 non
841 4255 859 4320 e
883 4277 962 4339 gran
989 4267 1108 4339 tempo,
1132 4261 1192 4324 obe
1216 4261 1334 4324 turono
1363 4279 1526 4326 ammesse

357 4380 450 4427 come
473 4365 535 4426 ben
558 4370 686 4443 sapute:
705 4365 819 4437 adora,
835 4366 921 4436 dico,
940 4367 1001 4429 cbe
1019 4370 1068 4430 nel
1091 4376 1226 4433 trattato
1244 4370 1327 4433 delle
1347 4371 1527 4435 resistenzc

358 4489 510 4536 avemmo
526 4471 663 4551 bisogno
686 4471 772 4535 della
797 4473 918 4535 notizia
944 4473 975 4535 di
1000 4479 1089 4536 cortu
1116 4475 1340 4556 propositione
1363 4475 1397 4538 di
1422 4474 1526 4559 Apol-

359 4577 457 4654 loni0,
481 4598 577 4661 sopra
601 4579 633 4640 la
656 4581 751 4660 quale
776 4581 839 4644 otta
865 4599 927 4646 non
954 4601 1058 4646 rnosso
1084 4576 1253 4645 difficoltr'r.

448 4689 529 4755 Sasu
566 4686 634 4751 llud
658 4707 806 4752 esseron
830 4691 889 4755 cbo
914 4694 945 4752 io
973 4693 1000 4753 la
1025 4694 1145 4771 sapessi
1172 4711 1227 4773 prr
1252 4701 1390 4757 ventura
1416 4714 1436 4756 o
1462 4696 1521 4759 cbo
1546 4672 1550 4679 ¹
