3775 5759
360 642 425 708 ubi
665 657 811 704 arnimar
835 656 936 703 uscos
961 655 1063 703 nuova
1088 652 1212 702 suranna

682 838 857 901 Turonum
884 838 925 908 ll,
948 837 1132 901 Pnorosnm
1155 837 1193 900 11.

450 991 487 1059 Sl
508 994 637 1077 aliquod
657 995 765 1058 mobile
788 994 903 1076 duplici
925 1003 1012 1058 nolu
1034 995 1188 1077 aequabili
1210 1001 1391 1066 monemur,
1416 1006 1520 1072 nenrpe

359 1103 523 1192 urizoqlcli
544 1113 572 1167 el
595 1103 856 1184 perpendiculari,
874 1104 1015 1183 impelas,
1039 1121 1095 1166 acn
1118 1112 1308 1168 ntocncnlucn
1332 1101 1459 1165 balbania
1481 1119 1520 1162 ca

358 1220 489 1293 ulroqnc
510 1221 597 1275 mola
614 1212 809 1294 composilae,
826 1214 883 1276 eril
898 1214 1037 1293 polcnlia
1055 1213 1194 1296 aequalis
1209 1213 1359 1277 ambobus
1378 1229 1518 1274 manen-

359 1321 397 1381 lir
419 1320 562 1400 priorum
584 1329 736 1384 molucam.

448 1428 622 1493 Moventur
643 1430 729 1491 enim
752 1427 884 1508 aliquod
902 1428 1023 1493 mobile
1042 1429 1257 1510 aequabiliter
1275 1427 1404 1509 duplici
1423 1425 1521 1489 lelio-

359 1552 414 1597 ne:
426 1543 458 1598 el
468 1528 609 1603 molioni
623 1535 883 1617 perpendiculari
896 1535 1090 1616 respondeul
1102 1538 1247 1617 spolium
1260 1537 1315 1600 ΑΒ
1329 1533 1416 1618 (Fiq.
1431 1531 1521 1619 ¹⁰⁹b

359 1641 473 1706 lationi
499 1659 578 1707 vem
597 1642 794 1707 borizoulali
820 1644 934 1707 eodem
965 1650 1109 1725 tempore
1131 1643 1301 1709 coniectae
1324 1640 1520 1723 respoudeat

361 1751 421 1817 BC.
445 1750 528 1818 Cum
544 1753 645 1835 igilur
662 1770 718 1833 per
733 1758 840 1816 molus
855 1752 1044 1833 aequabiles
1063 1751 1286 1817 coniiciuntur
1298 1751 1419 1833 eodem
1438 1756 1523 1815 lem-

358 1878 436 1941 pore
457 1861 565 1942 spaiia
587 1861 652 1933 ΑΒ,
677 1860 740 1933 bc,
762 1866 856 1924 crunt
880 1860 998 1923 barum
1024 1861 1183 1924 balianum
1199 1864 1365 1923 momenn
1386 1859 1475 1921 inlcr
1490 1875 1522 1921 se

358 1974 395 2033 ul
417 1971 507 2049 ipsae
530 1970 607 2042 nb,
630 1969 691 2036 BC.
729 1970 851 2034 Mobile
874 1986 974 2040 voro,
1000 1970 1085 2050 quod
1110 1969 1292 2033 seeundum
1315 1968 1419 2033 besee
1441 1967 1522 2032 duas

359 2077 518 2141 muliones
553 2083 724 2151 movebar,
759 2077 915 2140 describit
950 2077 1160 2160 diagonalem
1183 2078 1259 2142 AC:
1282 2079 1346 2140 eril
1370 2094 1521 2142 momen-

359 2193 427 2250 lum
463 2202 540 2255 suae
574 2184 760 2249 velocilalis
796 2190 832 2246 ul
867 2185 932 2250 AC.
956 2186 1079 2250 verum
1107 2184 1161 2250 AC
1193 2184 1338 2267 polenlia
1360 2189 1523 2266 aequamr

357 2295 437 2376 ipsis
461 2296 526 2367 nb,
549 2294 617 2366 BC,
638 2310 717 2376 ergo
741 2299 942 2359 momenlum
965 2293 1186 2374 compositum
1209 2311 1252 2358 ex
1275 2293 1426 2375 uirisque
1450 2310 1520 2357 mo-

359 2405 477 2469 mentis
500 2404 567 2494 AB,
582 2403 632 2469 BC
657 2409 706 2468 esl
729 2404 874 2485 polenlia
893 2407 1021 2467 lanium
1042 2402 1107 2466 illis
1126 2402 1223 2467 simul
1244 2402 1385 2485 sumplis
1400 2418 1521 2484 aequa·

359 2515 411 2589 le;
433 2513 519 2607 quod
543 2519 614 2577 eral
636 2512 883 2577 ostendendum.

444 2735 532 2799 Sine.
557 2719 584 2797 Ε
609 2732 793 2797 necessario
817 2732 955 2800 bevarmi
980 2750 1023 2796 un
1050 2751 1131 2815 poco
1154 2732 1187 2797 di
1211 2733 1364 2814 scrupolo
1388 2731 1452 2797 obe
1471 2732 1523 2813 qni

358 2843 403 2904 mi
424 2857 533 2914 nasce,
549 2838 739 2922 parendomi
763 2840 825 2903 ebe
846 2847 976 2921 questo,
988 2840 1050 2904 abe
1073 2859 1132 2906 ora
1149 2842 1176 2906 si
1192 2841 1364 2917 conclude,
1384 2843 1522 2926 repuqni

356 2950 399 3013 ad
416 2948 557 3013 un’allra
574 2949 798 3031 proposiziouc
812 2949 864 3012 dcl
882 2955 1020 3014 trallalo
1039 2954 1191 3030 passalo;
1213 2950 1300 3014 nebia
1314 2951 1414 3031 quale
1430 2951 1460 3014 si
1476 2949 1523 3015 ai·

360 3058 517 3133 lermava,
533 3058 681 3139 i'impelo
696 3058 747 3120 del
763 3057 881 3122 mobile
900 3058 1053 3121 veniente
1068 3058 1175 3121 dalla
1189 3059 1222 3120 in
1241 3058 1265 3121 B
1280 3075 1389 3120 essere
1405 3059 1520 3140 equale

357 3169 386 3229 al
412 3170 561 3231 veniente
584 3168 691 3231 dali'b
715 3169 748 3230 in
770 3167 806 3238 C,
824 3166 864 3230 ed
880 3185 938 3230 ora
961 3169 987 3230 si
1012 3166 1171 3230 conclude
1195 3167 1214 3228 l’
1230 3168 1351 3247 impelo
1376 3168 1412 3230 in
1430 3167 1455 3232 C
1472 3184 1520 3230 es·

357 3295 427 3338 sero
453 3277 620 3358 maggiore
643 3275 704 3338 ebe
729 3277 761 3338 in
787 3277 821 3339 B.

445 3384 539 3448 Snsv.
563 3386 607 3447 Le
624 3385 850 3464 proposizioni‚
870 3384 935 3465 Sig.
954 3385 1132 3465 Simplicio,
1152 3404 1232 3449 sono
1249 3386 1415 3449 amendue
1435 3402 1521 3457 vere,

358 3510 409 3554 ma
435 3492 534 3553 mollo
557 3492 686 3553 diverse
710 3496 760 3552 lra
783 3492 815 3554 di
841 3492 920 3554 loro.
944 3492 1007 3568 Qui
1032 3493 1059 3555 si
1084 3494 1175 3573 parba
1199 3495 1230 3556 di
1256 3511 1300 3556 uu
1324 3493 1371 3555 sol
1395 3493 1518 3558 mobile

359 3617 467 3663 musso
488 3599 518 3661 di
544 3616 587 3659 un
611 3596 658 3660 sol
684 3605 782 3672 molo,
807 3616 860 3662 ma
884 3605 1052 3679 composlo
1075 3600 1107 3662 di
1132 3601 1208 3671 due,
1231 3599 1395 3663 amendue
1415 3616 1518 3681 equa·

359 3710 430 3782 bili;
453 3726 472 3770 e
496 3704 527 3770 lb
550 3709 576 3769 si
603 3707 693 3787 parla
717 3707 749 3770 (11
774 3708 838 3770 due
863 3708 974 3771 mobili
1000 3710 1097 3773 mossi
1123 3709 1154 3772 (11
1178 3712 1257 3772 moli
1274 3709 1520 3773 naturaimeule

358 3818 547 3889 accelerali,
573 3834 638 3880 nno
663 3834 719 3896 per
741 3816 771 3879 ia
797 3815 1061 3897 perpendicolare
1085 3819 1150 3890 ΑΒ,
1174 3837 1192 3879 e
1216 3818 1335 3882 l'allro
1359 3835 1418 3897 per
1436 3818 1456 3880 ΙΙ
1471 3819 1520 3880 iu·

358 3926 481 3988 clinala
506 3926 568 3989 AC.
594 3926 628 3989 ln
647 3925 769 3998 ultrei
792 3925 889 4003 lcmpi
914 3925 1007 4004 quivi
1032 3942 1095 3987 non
1119 3928 1146 3987 si
1166 3943 1382 4007 suppongono
1400 3926 1522 4008 equali.

359 4050 411 4095 ma
437 4033 458 4093 11
484 4040 592 4113 lempo
616 4051 672 4114 per
696 4033 885 4096 l'inclinala
911 4035 963 4099 AC
988 4030 1006 4095 ὲ
1030 4035 1198 4116 magginre
1216 4034 1266 4098 dol
1288 4041 1398 4116 tempo
1419 4052 1477 4117 per
1493 4034 1520 4096 ba

359 4140 621 4222 perpenclicoiare
646 4143 720 4213 nss;
746 4160 799 4204 ma
824 4143 872 4205 nel
899 4150 997 4215 molo,
1021 4143 1071 4206 del
1095 4142 1191 4223 quale
1215 4145 1243 4206 si
1267 4144 1360 4223 paria
1383 4144 1415 4207 ab
1442 4160 1516 4226 pre·

358 4256 459 4324 seule,
483 4252 493 4312 i
518 4251 597 4313 moli
623 4268 679 4330 per
703 4251 732 4311 le
757 4253 821 4323 AB,
846 4251 908 4324 BC,
933 4253 985 4316 AC
1015 4253 1231 4316 s'inlendouo
1249 4253 1394 4333 equabili
1412 4272 1430 4316 e
1451 4254 1518 4316 balli

361 4358 433 4421 nell'
448 4359 563 4422 istesso
587 4364 706 4439 lempo.

448 4466 534 4531 Sine.
555 4467 600 4531 Mi
618 4468 761 4541 seusina,
777 4486 794 4529 o
810 4486 955 4550 sequano
974 4472 1176 4546 aventione
1195 4478 1281 4536 reslo
1298 4472 1498 4552 acquielalo.

448 4574 541 4638 Snsv.
556 4575 690 4658 Seguila
715 4575 861 4638 l’buloro
886 4593 941 4656 per
966 4577 1214 4642 iucamminarci
1240 4579 1431 4642 aiulender
1447 4577 1518 4660 quel

359 4685 419 4745 ebe
454 4687 611 4765 accaggia
636 4686 766 4748 inlornn
790 4684 979 4765 all'impelo
1003 4687 1034 4747 (11
1061 4705 1104 4749 un
1130 4687 1252 4749 mobile
1277 4704 1386 4750 mosso
1410 4686 1517 4768 pardi
