3775 5759
563 1186 972 1357 oronnam
1014 1224 1298 1372 ranna,

873 1536 992 1575 tttrontto

663 1752 676 1814 1
700 1749 946 1815 novruaurr
970 1748 1123 1816 nocam
1148 1746 1204 1834 (ι).

795 2029 1079 2068 ...ew—-

445 2622 491 2686 lle
506 2621 655 2702 subjecto
670 2623 897 2686 vetustissimo
913 2621 1130 2686 novissimam
1155 2634 1391 2702 promovemus
1415 2618 1521 2683 soien-

358 2732 448 2793 tiam.
465 2728 585 2796 MOTU
604 2729 650 2793 nil
667 2728 749 2793 torte
765 2730 933 2811 antiquius
952 2730 987 2792 in
1011 2737 1146 2802 natura,
1168 2734 1201 2793 et
1223 2729 1314 2793 circa
1328 2745 1409 2792 eum
1427 2726 1521 2794 volu·

357 2837 445 2898 mina
461 2852 522 2900 neo
539 2854 660 2917 pauca,
677 2854 737 2901 nec
756 2854 858 2919 parva
874 2854 894 2901 a
911 2837 1114 2920 pbilosophis
1134 2836 1325 2920 conscripta
1347 2838 1522 2921 reperiun-

358 2950 423 3008 tur.
436 2943 700 3026 symptomatum
718 2952 839 3018 tamen,
854 2963 939 3027 quae
954 2946 1127 3028 complura
1142 2952 1175 3011 et
1189 2945 1275 3010 scitu
1289 2945 1394 3028 digna
1409 2946 1522 3011 insunt

360 3053 392 3114 iu
410 3070 459 3126 eo,
475 3052 582 3117 adbuc
606 3054 826 3126 inobservata,
850 3055 992 3118 necdum
1016 3053 1240 3118 demonstrata
1262 3054 1448 3135 comperio.
1463 3054 1522 3118 Le·

359 3163 453 3226 viora
487 3162 649 3243 quaedam
684 3163 906 3228 adnotantur:
942 3169 979 3230 ut
1016 3163 1123 3247 gratia
1147 3163 1309 3244 exempli,
1334 3163 1522 3227 naturalem

361 3276 487 3332 motum
522 3272 675 3351 gravium
704 3269 973 3334 descendentium
1002 3271 1158 3333 continue
1181 3269 1373 3333 accelerari.
1398 3270 1522 3334 Verum

356 3377 455 3456 juxta
488 3394 587 3455 quam
623 3379 866 3456 proportionem
902 3375 973 3456 ejus
1008 3376 1067 3438 liat
1103 3376 1322 3451 acceleratio,
1357 3376 1523 3456 proditum

362 3483 534 3562 bucusque
558 3501 622 3546 non
647 3469 717 3545 est':
752 3484 864 3547 nullus
887 3484 998 3557 enim,
1021 3487 1108 3565 quod
1132 3487 1257 3561 seiam,
1284 3485 1525 3559 demostravit,

363 3591 470 3673 spatia
493 3607 511 3652 a
537 3591 649 3653 mobili
675 3591 890 3656 descendente
914 3610 957 3655 ex
980 3594 1090 3673 quiete
1108 3598 1240 3675 peracta
1263 3592 1297 3656 iu
1322 3593 1526 3674 temporibus

364 3699 581 3781 aequalibus,
617 3716 690 3762 eam
714 3701 800 3763 inter
829 3718 863 3763 se
892 3702 1033 3764 retinere
1058 3702 1242 3774 rationem,
1275 3717 1375 3786 quam
1403 3699 1526 3764 babent

365 3810 494 3872 numeri
518 3810 660 3889 impares
694 3810 736 3872 ab
770 3809 897 3872 unitate
932 3815 1179 3889 consequentes.
1206 3806 1432 3873 Observatum
1457 3815 1526 3884 est,

365 3916 514 3990 missilia,
533 3936 589 3980 seu
608 3917 764 3998 proiecta,
788 3918 909 3980 lineam
926 3917 1199 3997 qualitercunque
1215 3933 1353 3980 curvam
1370 3915 1528 3999 designa·

365 4042 420 4096 re;
445 4031 660 4087 veruntamen
676 4042 748 4087 eam
767 4042 837 4088 esse
859 4023 1056 4088 Parabolam
1080 4040 1176 4086 nemo
1201 4021 1354 4105 prodidit.
1372 4022 1467 4086 llaec
1483 4023 1528 4087 ita

365 4151 457 4205 esse,
481 4138 513 4194 et
537 4133 603 4194 alia
626 4150 690 4196 non
716 4150 846 4213 pauca,
871 4149 929 4194 nec
956 4132 1065 4195 minus
1089 4132 1175 4194 scitu
1200 4130 1322 4213 digna,
1346 4148 1364 4192 a
1394 4148 1447 4222 me
1473 4130 1528 4195 de-

365 4242 651 4315 monstrabuntur,
684 4247 716 4303 et
745 4242 830 4322 quod
856 4241 960 4321 pluris
984 4239 1172 4302 laciendum
1197 4256 1329 4313 conseo,
1354 4239 1474 4304 aditus
1497 4244 1527 4302 et

433 4460 467 4520 (t)
484 4458 519 4506 Le
537 4458 646 4506 materia
663 4457 775 4506 discorse
792 4457 817 4503 in
837 4460 927 4519 questa
945 4467 960 4503 o
978 4454 1046 4503 nella
1063 4459 1188 4517 sequente
1199 4453 1323 4504 Gioroata
1341 4468 1407 4504 sono
1424 4457 1451 4504 iu
1470 4467 1534 4518 gran

364 4546 435 4601 parte
451 4542 477 4590 di
493 4539 580 4604 quelle
597 4539 680 4602 prime
697 4542 821 4588 soritture
838 4538 863 4586 di
880 4536 998 4595 Gallico,
1016 4536 1085 4586 dello
1101 4536 1172 4598 quali
1190 4536 1309 4585 abbiamo
1329 4552 1365 4586 un
1386 4537 1478 4601 suppio
1498 4536 1539 4606 nei

366 4626 500 4672 Sermones
517 4627 547 4672 dc
565 4624 637 4673 iloto
657 4621 783 4672 Grooium
801 4624 831 4671 da
849 4624 893 4670 noi
913 4620 1053 4682 pubblicati
1075 4622 1117 4669 nel
1138 4621 1170 4668 Τ.
1183 4620 1235 4678 xl,
1256 4633 1271 4668 e
1290 4620 1342 4670 alle
1358 4621 1430 4684 quali
1443 4622 1465 4670 si
1477 4621 1537 4670 rile-

364 4707 467 4753 riscooo
484 4708 506 4754 lo
525 4706 616 4755 ultimo
634 4706 723 4768 parole
740 4705 808 4755 dello
827 4710 915 4754 transtra
933 4703 1081 4765 pr'olaziono
1100 4703 1123 4751 al
1141 4704 1224 4752 'l'omo
1237 4709 1326 4753 stesso.
1346 4705 1383 4763 (ΙΙ
1393 4704 1537 4760 lionoris.)
