3775 5759
360 657 422 723 teo
665 674 809 721 orrtonm
832 675 935 721 onaan
958 672 1061 721 nuova
1084 675 1211 721 seranna

834 797 963 858 amour
987 795 1035 857 lll.

444 942 591 1028 Spatium
605 961 626 1007 o
642 944 756 1025 mojori
773 944 931 1008 oemcuutc
950 940 1126 1027 conlectum
1143 953 1277 1027 tempore
1294 942 1406 1008 eodem
1424 940 1528 1022 majus

356 1064 400 1116 ert
421 1054 521 1135 spatio
544 1051 682 1131 confecto
704 1070 726 1115 u
748 1054 865 1116 minori
888 1053 1059 1117 uelocitate.
1142 1136 1150 1162 ι

835 1212 962 1273 lxmae
986 1210 1039 1274 lV.

453 1358 612 1434 truciter,
645 1377 710 1442 quo
743 1368 877 1441 tempore
900 1360 1006 1425 eodem
1030 1361 1195 1444 conficitur
1227 1358 1334 1440 majus
1373 1357 1527 1439 spatium,

358 1471 459 1553 major
481 1477 525 1534 cet
546 1468 716 1545 uelocitate,
739 1486 804 1551 quo
826 1469 992 1554 conficitur
1013 1470 1150 1549 apetium
1173 1468 1292 1532 minut.

691 1627 868 1691 iunonem
891 1626 919 1699 1,
954 1600 1145 1690 Proronno
1161 1626 1184 1688 l.

385 1764 388 1769 ’
446 1775 485 1841 Si
508 1775 619 1842 Metto
642 1775 846 1859 aequabiliter
868 1777 967 1840 lotum
989 1776 1156 1859 codemque
1185 1793 1257 1839 cum
1275 1774 1445 1839 oclocitotc
1470 1775 1527 1838 (luo

353 1893 551 1970 pertransent
577 1884 701 1967 spotia,
730 1874 871 1967 temporo
900 1884 1055 1949 lotionem
1082 1891 1175 1949 crunt
1198 1885 1282 1948 inter
1304 1901 1336 1946 rc
1362 1895 1401 1947 ut
1422 1886 1526 1965 spatio

356 2004 509 2079 peracto:
530 1999 563 2059 et
585 1995 613 2060 si
637 2000 786 2077 tempora
804 1994 967 2059 lationum
987 1994 1055 2058 sint
1071 1998 1107 2057 ut
1121 1994 1229 2076 spatia
1245 1992 1417 2075 aequabili
1438 1999 1525 2057 moto

359 2108 513 2185 peracta,
535 2101 696 2168 velocitas
717 2101 781 2166 crit
804 2100 918 2167 eadem
945 2098 1001 2187 (t).

447 2216 658 2280 Pertranseat
680 2213 769 2278 enim
792 2212 915 2281 mobile
936 2213 1156 2294 aequabiliter
1177 2213 1282 2276 latum
1305 2209 1428 2276 eadem
1452 2228 1525 2276 cun

360 2321 533 2386 velocitate
556 2321 623 2384 duo
646 2319 754 2400 spatia
778 2319 843 2390 ΑΒ.
866 2317 917 2385 BC
943 2316 1026 2405 (Fiq.
1047 2314 1114 2402 lo),
1136 2324 1168 2381 et
1192 2318 1235 2382 sit
1257 2322 1391 2399 tempus
1416 2323 1526 2381 motus

359 2448 415 2511 per
440 2429 505 2506 ΑΒ,
530 2429 606 2503 DE;
632 2434 761 2510 tempos
787 2446 867 2495 vero
888 2434 998 2494 motus
1023 2444 1079 2509 per
1102 2427 1153 2493 BC
1178 2434 1248 2492 esto
1270 2425 1334 2490 EF.
1359 2425 1471 2504 Dico,
1493 2431 1526 2489 ut

359 2541 502 2618 spatium
527 2538 583 2602 ΑΒ
605 2536 649 2601 ad
670 2537 814 2619 spatium
840 2536 905 2610 BG.
927 2538 976 2601 ita
999 2553 1070 2600 esse
1094 2541 1223 2618 tempus
1246 2534 1302 2602 llll
1326 2534 1369 2599 ad
1395 2540 1526 2616 tempus

359 2645 422 2707 EF.
446 2643 687 2710 protrahantur
710 2645 866 2727 utrinque
886 2644 1005 2726 spatia,
1022 2651 1057 2713 et
1074 2649 1221 2725 tempora
1242 2659 1359 2708 versus
1383 2640 1426 2719 G.
1447 2643 1477 2708 ll
1498 2652 1525 2705 et

358 2751 380 2820 l.
402 2752 443 2824 ll,
466 2757 499 2814 et
522 2754 556 2814 in
575 2750 632 2817 AG
654 2757 831 2817 sumantur
853 2757 1065 2832 quotcunque
1089 2751 1196 2833 spatia
1215 2751 1276 2833 ipsi
1288 2751 1345 2815 att
1361 2750 1527 2834 aequalia,

359 2862 391 2920 et
416 2858 552 2921 totidem
578 2864 725 2941 tempora
747 2860 781 2923 in
808 2859 848 2923 ttl
868 2860 1007 2941 tempori
1031 2859 1087 2924 DE
1111 2859 1266 2924 similiter
1291 2857 1451 2940 aequalia
1470 2878 1480 2933 ς
1498 2864 1525 2922 et

361 2983 476 3030 rursus
501 2968 533 3031 in
558 2968 614 3034 CH
634 2975 809 3034 sumantur
825 2948 1007 3050 secundum
1024 2985 1256 3050 quamcunque
1275 2967 1527 3033 multitudinem

360 3076 468 3157 spatia
492 3077 553 3158 ipsi
577 3077 629 3143 CB
652 3079 826 3160 aequalia,
856 3085 888 3142 ct
913 3079 1048 3142 totitlern
1075 3084 1223 3160 tempora
1246 3079 1280 3140 in
1305 3077 1360 3141 ΕΚ
1386 3078 1525 3161 tempori

362 3186 414 3249 El*
439 3187 602 3269 aequalia.
637 3189 744 3252 Erunt
766 3189 836 3270 jam
860 3189 1003 3270 spatium
1045 3187 1099 3254 BG
1138 3194 1170 3251 ct
1207 3195 1334 3269 tempus
1357 3187 1401 3252 El
1426 3205 1528 3271 aeque

362 3296 559 3377 multiplicia
596 3298 692 3377 spatii
730 3299 783 3361 ΒΛ
819 3302 851 3359 et
884 3299 1039 3378 temporis
1073 3296 1130 3361 ΕΙ)
1160 3298 1259 3379 juxta
1292 3314 1528 3380 quamcunque

360 3407 666 3488 multiplicationem
693 3416 851 3486 accepta,
879 3413 912 3468 et
934 3407 1087 3470 similiter
1109 3408 1252 3489 spatium
1272 3407 1328 3471 ΗΒ
1350 3413 1384 3469 et
1400 3412 1528 3487 tempus

361 3515 439 3587 liE,'
455 3514 553 3594 spatii
576 3513 628 3579 CB
653 3514 872 3595 temporisque
897 3514 949 3578 FE
972 3532 1075 3596 aeque
1100 3516 1295 3598 multiplicia
1327 3518 1360 3579 in
1381 3516 1527 3598 qualibet

361 3620 644 3701 multiplicatione.
670 3621 710 3684 Et
734 3621 813 3702 quia
836 3623 891 3686 [lli
914 3629 963 3687 est
985 3629 1112 3706 tempus
1137 3624 1269 3689 lationis
1294 3640 1349 3706 per
1373 3623 1443 3699 ΑΒ,
1467 3624 1528 3689 erit

361 3734 467 3794 totum
489 3730 531 3794 ΕΙ
556 3736 684 3810 tempus
710 3729 810 3793 totius
834 3730 897 3800 BG.
922 3749 998 3795 cum
1023 3738 1133 3797 motus
1159 3736 1300 3813 ponatur
1323 3730 1528 3812 aequabilis.

360 3839 489 3918 sintque
513 3839 547 3901 in
571 3836 613 3901 ΕΙ
638 3842 685 3899 tot
709 3843 857 3918 tempora
881 3840 943 3921 ipsi
968 3840 1023 3904 Ι)Ε
1043 3840 1216 3920 aequalia,
1232 3845 1313 3920 quot
1329 3838 1460 3903 suntin
1479 3838 1529 3903 BG

363 3945 468 4024 spatia
492 3944 645 4025 aequalia
670 3946 741 4016 itm
766 3951 799 4007 et
821 3946 974 4010 similiter
996 3947 1214 4011 concludetur
1234 3945 1291 4010 ΚΕ
1310 3962 1380 4010 osse
1398 3952 1528 4026 tempus

361 4052 494 4115 lationis
518 4071 575 4132 per
600 4055 663 4117 llll.
680 4054 764 4120 Cum
782 4059 892 4120 autem
911 4063 1021 4120 motus
1040 4065 1180 4138 ponatur
1197 4056 1392 4138 aequabilis,
1408 4057 1434 4119 si
1454 4073 1529 4138 spa·

363 4162 445 4225 tium
468 4161 522 4226 ΕΒ
546 4170 630 4227 essct
653 4165 790 4245 aequale
814 4166 876 4246 ipsi
900 4168 979 4240 llll.
1017 4173 1145 4247 tempus
1167 4183 1299 4248 qnoque
1323 4165 1363 4228 ΙΕ
1388 4166 1527 4247 tempori

364 4270 418 4334 ΕΚ
444 4268 526 4333 lorct
550 4270 707 4351 aequale.
742 4278 774 4336 et
802 4274 829 4337 si
855 4273 909 4340 GB
934 4275 1042 4355 maius
1066 4277 1108 4338 sit
1134 4292 1233 4356 quam
1261 4275 1314 4337 llll
1333 4320 1340 4345 ,
1362 4274 1465 4336 etiam
1491 4273 1529 4337 ΙΕ

361 4398 461 4463 quam
485 4380 542 4445 El(
568 4382 674 4464 majus
699 4384 773 4455 crit,
796 4391 825 4446 ot
852 4386 879 4449 si
905 4387 1035 4458 minus,
1060 4392 1178 4450 minus.
1205 4387 1286 4451 Sunt
1312 4387 1423 4467 itaque
1446 4405 1530 4468 qua-

364 4499 438 4555 tuor
462 4492 725 4573 magnitudines:
752 4494 805 4555 llll
831 4493 958 4573 primu.
985 4494 1032 4560 BC
1058 4496 1223 4570 secunda,
1250 4497 1301 4559 Ι)Ε
1330 4495 1451 4565 tertia,
1480 4496 1530 4559 af

436 4737 470 4794 (Ι)
488 4735 618 4796 mugiente
636 4735 677 4784 «lei
695 4735 802 4786 l'rriani.
