3775 5759
654 646 823 691 tirannica
848 647 927 693 lata
952 648 1103 693 (aloannia
1127 650 1258 705 maara.
1471 634 1536 701 283

411 769 494 847 ripla
517 774 650 847 superat
674 769 863 848 inscriptam
888 768 1041 850 liguram,
1058 771 1231 849 gravitatis
1247 777 1395 836 centrum
1412 773 1474 847 erit
1497 774 1536 847 ll,

366 875 457 954 quod
480 881 529 936 est
553 875 766 955 impossibile,
792 877 925 955 pinnum
949 880 1036 941 enim
1060 879 1198 944 ductum
1223 898 1277 961 per
1302 882 1327 944 n
1351 882 1419 945 basi
1457 884 1533 945 coni

366 982 594 1062 aequidistans
617 984 722 1046 dietas
746 985 909 1065 portiones
934 1004 998 1050 non
1021 992 1122 1051 secat.
1147 988 1279 1052 Falsum
1300 989 1401 1072 igitur
1417 997 1476 1065 est,
1494 992 1535 1054 li·

367 1108 465 1155 neam
490 1091 541 1156 ES
566 1110 629 1155 non
653 1110 723 1156 esse
747 1095 906 1158 minorem
932 1098 1001 1176 ipsa
1024 1096 1071 1169 tt:
1093 1098 1157 1160 erit
1190 1115 1269 1178 ergo
1303 1099 1419 1162 minor.
1443 1100 1531 1164 llaec

366 1206 480 1268 autem
507 1220 570 1265 non
596 1203 744 1265 dissimili
767 1204 863 1268 modo
886 1206 919 1267 in
944 1205 1113 1286 pyramide
1131 1205 1200 1268 lieri
1219 1223 1310 1286 posse
1330 1208 1533 1272 demonstra·

365 1306 505 1369 huntur.

832 1478 1065 1542 Conectnnruu.

460 1639 509 1702 Ex
533 1638 583 1702 hie
606 1638 813 1701 manifestum
837 1645 909 1712 est,
932 1655 1015 1701 cono
1038 1638 1116 1701 dato
1141 1656 1233 1719 posse
1257 1639 1396 1721 liguram
1433 1657 1532 1704 unam

366 1747 611 1821 circumscribi,
626 1757 658 1809 et
674 1748 812 1810 alteram
827 1748 975 1819 inscribi,
991 1764 1031 1809 ex
1049 1747 1207 1828 cylindris
1222 1748 1392 1828 aequalem
1412 1747 1528 1812 attitu-

365 1854 478 1921 dinem
505 1854 711 1929 habentibus,
735 1856 781 1917 itu
805 1861 842 1917 ut
857 1855 976 1930 lineae,
990 1872 1076 1935 quae
1096 1856 1180 1919 inler
1197 1873 1312 1919 earum
1329 1863 1442 1919 contre
1453 1874 1533 1936 ¹yra-

365 1964 524 2037 vitatum,
546 1969 578 2026 et
603 1969 772 2043 punctum,
797 1964 882 2043 quod
908 1981 1004 2027 exero
1028 1965 1102 2027 coni
1129 1965 1173 2026 ila
1198 1964 1328 2037 dividit.
1348 1972 1385 2028 ut
1402 1982 1476 2046 pars
1492 1965 1534 2027 ed

364 2073 526 2139 verticem
550 2072 693 2153 retiquae
717 2073 759 2136 sil
784 2072 904 2154 tripla,
928 2073 1206 2155 intercipiuntur,
1228 2091 1427 2155 quacunque
1454 2074 1534 2139 data

364 2182 454 2263 linea
477 2181 543 2246 sint
565 2183 717 2245 minores.
741 2181 824 2248 Cum
848 2183 948 2255 enim,
972 2189 1008 2246 ut
1032 2184 1294 2248 demonstratum
1316 2189 1383 2258 est,
1406 2183 1534 2247 dictum

363 2297 528 2373 punctum
551 2307 647 2353 axem
671 2290 832 2363 dividens,
857 2296 892 2353 ul
916 2291 1124 2367 dictumest,
1143 2292 1533 2373 semperinlercircum·

362 2399 508 2481 scriptae
530 2404 564 2461 et
587 2398 762 2478 inscriptae
787 2399 990 2480 gravitatum
1022 2408 1134 2465 centra
1153 2401 1369 2481 ,repertarum
1393 2399 1530 2480 lienique

362 2509 480 2593 possit,
498 2513 535 2573 nl
548 2526 638 2590 ‚quae
654 2510 738 2571 inter
757 2509 870 2572 eadem
887 2517 1002 2574 centra
1022 2511 1155 2584 mediat,
1168 2511 1253 2574 linea
1269 2510 1376 2575 minor
1393 2511 1436 2572 eit
1447 2526 1531 2589 qua·

361 2632 496 2698 cunque
516 2615 602 2680 linea
628 2617 817 2697 proposita3
842 2619 948 2681 multo
977 2619 1084 2683 minor
1112 2619 1225 2683 eedem
1251 2621 1415 2701 proposita
1444 2619 1528 2683 linea

360 2727 421 2801 all.
450 2742 537 2807 quae
555 2726 640 2790 inter
664 2726 803 2791 alterum
828 2734 1030 2804 ceutronum,
1053 2736 1084 2793 el
1103 2729 1231 2793 dictum
1255 2734 1415 2812 punctum
1438 2744 1534 2791 axem

360 2834 515 2903 dividens
538 2834 754 2916 intercipitur.

817 3005 1003 3067 Pnorosrrro
1026 3004 1079 3064 tx.

452 3158 622 3241 cuiuslibet
645 3163 726 3237 coni,
750 3162 796 3224 cel
817 3161 988 3242 pyramidis
1011 3169 1155 3223 centrum
1177 3162 1342 3240 yrecilolir
1365 3178 1457 3224 ocem
1475 3159 1523 3221 di-

356 3267 448 3346 eide
470 3275 505 3333 nl
525 3286 597 3350 perr
621 3269 663 3334 ed
684 3272 828 3334 verticem
851 3269 990 3352 reliquae
1012 3270 1054 3334 ed
1077 3271 1167 3333 insin
1190 3272 1230 3332 sit
1255 3270 1357 3350 triplo.

451 3377 533 3443 liele
553 3394 657 3441 conus
681 3375 764 3462 (Flo.
784 3375 870 3462 138),
892 3378 991 3460 culus
1014 3379 1087 3443 axis
1107 3379 1172 3448 ΑΒ,
1188 3383 1221 3442 et
1237 3376 1309 3443 inC
1329 3376 1498 3441 dividatur
1511 3422 1532 3449 ‚.

358 3486 408 3551 ila
443 3489 480 3549 ut
515 3484 569 3550 AC
592 3485 737 3566 reliquae
761 3486 812 3552 cn
835 3487 878 3550 sil
900 3485 1015 3580 tripla:
1049 3486 1287 3552 ostendendum
1310 3491 1381 3560 est,
1403 3485 1428 3553 C
1451 3502 1522 3550 ease

360 3591 538 3677 pravitatis
562 3598 713 3661 centrum
734 3596 820 3659 coni.
843 3594 928 3660 Nam
952 3595 980 3659 si
1005 3613 1070 3659 non
1093 3602 1167 3670 est,
1189 3596 1254 3659 erit
1276 3594 1348 3659 eoni
1378 3598 1527 3657 centrum

357 3706 419 3767 aut
440 3717 553 3785 supra,
574 3707 632 3765 aut
651 3701 737 3766 inira
761 3707 919 3784 punctum
942 3701 978 3768 C.
1003 3701 1051 3766 Sit
1075 3703 1165 3784 prius
1188 3701 1292 3774 inirn;
1314 3706 1346 3763 et
1369 3701 1412 3763 sit
1435 3699 1478 3764 E:
1497 3706 1529 3761 et

358 3814 544 3891 exponatur
565 3810 652 3875 linea
676 3810 724 3876 Sl’
747 3810 895 3892 aequetis
911 3809 988 3884 GE,
1010 3827 1095 3892 quae
1109 3811 1337 3892 contingenter
1355 3807 1527 3871 dividatur

357 3918 398 3985 iu
416 3914 461 3994 N;
478 3923 512 3991 et
532 3936 634 4001 quam
658 3919 820 3987 rationem
844 3917 942 3983 habet
965 3923 1103 3998 utraque
1120 3916 1219 3980 simul
1239 3914 1304 3988 BE,
1322 3911 1377 3979 l’N
1396 3910 1439 3976 ad
1461 3910 1526 3984 alt,

356 4026 444 4103 hene
466 4025 588 4105 hamel
610 4043 714 4092 conus
737 4026 779 4090 ad
802 4024 945 4090 solidum
971 4025 1012 4100 x,
1033 4032 1065 4088 et
1090 4022 1289 4088 inscribatur
1311 4035 1395 4084 cono
1417 4017 1521 4083 solida

357 4133 466 4219 ligura
487 4153 531 4200 ex
552 4135 712 4218 cylindris
736 4134 905 4216 aequalem
944 4134 1152 4200 altitudinem
1187 4130 1406 4205 habentibus,
1433 4128 1526 4210 euius

354 4252 509 4317 matrum
530 4246 706 4330 gravitatis
728 4263 748 4308 a
773 4243 941 4325 punctoC
968 4245 1077 4309 minus
1107 4242 1206 4306 distel
1233 4255 1332 4321 quam
1363 4238 1405 4300 sit
1439 4235 1525 4298 tinea

354 4358 423 4433 sm
445 4365 479 4423 et
501 4375 667 4435 excessus,
689 4373 754 4439 quo
778 4372 797 4419 a
819 4371 905 4421 cono
928 4358 1125 4436 superatur,
1149 4349 1256 4414 minor
1279 4347 1322 4411 sit
1343 4340 1448 4408 solido
1473 4340 1526 4407 liz

352 4467 438 4537 neec
470 4468 558 4533 enirn
587 4468 659 4535 lieri
684 4485 798 4550 posse,
823 4485 865 4533 ex
888 4463 1125 4530 demonstratis
1160 4448 1522 4523 manifestarentur

349 4578 422 4661 jam
446 4579 604 4662 inscripta
629 4579 735 4664 ligura
758 4578 863 4662 qualis
888 4579 1031 4661 petitur,
1054 4574 1149 4656 culus
1172 4572 1320 4634 centrum
1350 4557 1524 4643 gravitatis

355 4689 400 4753 eit
422 4689 445 4753 Ι.
465 4690 536 4756 Erit
556 4692 655 4774 igitur
680 4693 718 4758 lE
744 4693 828 4758 linea
853 4691 960 4776 major
983 4705 1081 4770 quam
1099 4685 1163 4758 NP,
1181 4697 1256 4747 curn
1276 4674 1323 4740 St'
1343 4671 1382 4736 sil
1403 4686 1522 4750 aequo-
