3775 5759
365 674 427 737 teu
663 685 810 732 ciricum
834 685 935 730 uscue
959 682 1061 728 suove
1085 680 1210 728 seleuce

363 812 417 873 ΑΕ
451 827 520 870 esse
553 813 589 870 ul
626 807 702 878 itii,
726 806 787 868 erit
813 811 939 884 tempus
964 803 1098 883 perilli
1123 801 1434 882 ut=ilE‚cumque
1471 799 1526 864 AG

363 911 467 981 inedia
496 918 538 979 sit
560 917 644 979 iuter
668 915 738 986 ΒΑ,
762 913 840 985 ΛΕ,
864 913 928 975 erit
952 912 1009 976 AG
1034 918 1162 991 tempus
1187 926 1244 990 per
1268 912 1372 973 tutum
1399 909 1470 978 AB,
1494 915 1525 970 et

363 1028 487 1108 reliqua
511 1026 567 1091 EG
588 1026 652 1087 erit
675 1032 804 1106 tempus
828 1040 883 1103 per
907 1021 1147 1103 reliquumliil
1172 1036 1215 1082 ex
1236 1020 1347 1100 quiete
1370 1019 1406 1082 in
1429 1023 1471 1093 A,
1492 1024 1524 1079 et

361 1137 510 1199 similiter
532 1133 746 1198 concludetur
770 1134 822 1196 EF
845 1148 916 1195 esse
940 1138 1068 1211 tempus
1093 1146 1150 1211 per
1164 1128 1219 1193 EC
1237 1133 1309 1208 post
1328 1127 1523 1192 descensum

361 1246 428 1319 DE,
451 1262 508 1308 seu
532 1251 604 1327 post
626 1261 740 1308 cusum
757 1243 830 1313 AE3
845 1242 1104 1304 demonstratum
1128 1245 1245 1302 eutem
1262 1243 1311 1300 est
1335 1237 1391 1299 Et*
1418 1237 1524 1299 mino·

361 1371 429 1416 rem
454 1370 643 1433 essequam
670 1350 747 1416 EG:
772 1369 851 1431 ergo
875 1356 964 1431 putet
989 1349 1205 1430 prepositum.

823 1521 1056 1586 Cornicinus.

449 1680 717 1759 Euhaemone
751 1696 792 1740 ex
829 1677 1035 1759 praecedenti
1071 1683 1222 1749 constat,
1246 1673 1415 1755 spatium.
1442 1672 1527 1752 quod

361 1788 534 1851 coniicitur
568 1788 602 1850 in
639 1786 870 1866 perpendiculo
895 1791 967 1866 post
990 1802 1104 1848 cusum
1129 1801 1169 1846 ex
1193 1782 1353 1852 sublimi,
1380 1786 1526 1860 tempore

360 1896 473 1958 codem
508 1912 573 1975 quo
604 1892 781 1956 coniicitur
810 1893 942 1972 planum
968 1893 1186 1965 inclinatum,
1214 1893 1323 1955 miuus
1357 1906 1433 1952 esse
1471 1906 1527 1963 eo,

360 2003 447 2082 quiid
468 2001 642 2066 conficitur
666 2007 812 2082 tempore
835 2000 949 2062 eodem
974 2007 1072 2079 utque
1096 2001 1129 2062 in
1154 1999 1313 2062 inclinato
1338 2013 1408 2060 nou
1433 2012 1526 2076 prae·

359 2111 494 2174 cedente
516 2128 596 2174 cusu
619 2128 662 2174 ex
684 2109 840 2181 sublimi,
874 2107 989 2188 majus·
1019 2113 1128 2170 tamen
1151 2122 1252 2187 quom
1276 2105 1363 2169 idem
1391 2102 1524 2185 planum

360 2221 577 2283 inclinatum:
600 2236 675 2282 cum
699 2219 787 2281 enim
812 2219 911 2283 morlo
933 2216 1283 2290 demonstretumsit,
1305 2214 1396 2296 quod
1421 2215 1525 2278 mobi-

361 2331 439 2393 lium
454 2328 655 2393 venientium
668 2344 710 2388 ex
723 2327 864 2389 termino
878 2325 1011 2391 sublimi
1025 2328 1053 2386 Α
1068 2307 1152 2406 (Fic.
1164 2321 1219 2408 71)
1234 2328 1363 2404 tempus
1372 2322 1525 2387 conversi

360 2455 416 2516 per
438 2436 491 2502 EC
515 2435 648 2499 brevius
671 2435 715 2498 sit
739 2441 883 2515 tempore
906 2432 1112 2516 procedentis
1136 2449 1192 2514 per
1208 2432 1274 2505 ΕΒ,
1290 2436 1435 2503 constat,
1451 2449 1525 2512 spa·

361 2547 454 2621 tium,
470 2545 557 2627 quod
573 2545 748 2608 coniicitur
767 2563 824 2626 per
840 2546 895 2608 Eli
912 2552 1057 2626 tempore
1075 2546 1204 2626 aequali
1223 2547 1358 2626 tempori
1384 2557 1445 2627 per
1459 2546 1526 2617 EC,

359 2655 467 2718 minus
491 2671 563 2718 esse
584 2660 652 2717 loto
668 2655 775 2735 spatio
792 2655 856 2719 Eli.
873 2656 969 2734 Quod
992 2663 1102 2718 autem
1123 2654 1215 2717 idem·
1227 2655 1370 2736 spatium
1387 2656 1525 2737 perperi-

358 2763 459 2824 ‹liculi
477 2763 585 2843 majus
608 2764 650 2826 sit
673 2781 773 2845 quam
790 2764 855 2839 EC,
873 2763 1083 2829 manifestum
1099 2763 1137 2826 fit
1155 2770 1287 2846 sumpta
1304 2762 1414 2847 ligura
1435 2780 1525 2845 prce·

358 2871 503 2934 cedentis
528 2872 770 2952 propositionis,
794 2875 827 2938 in
851 2891 915 2954 qua
940 2877 1066 2956 partem
1093 2872 1314 2955 perpendiculi
1330 2871 1387 2937 BG
1403 2870 1519 2935 confici

359 2981 619 3043 tiemonstralum
642 2988 692 3044 cst
717 2989 862 3063 tempore
884 2982 999 3045 eodem
1024 2999 1101 3046 curu
1126 2982 1176 3047 BC
1202 2990 1274 3062 pest
1300 2998 1419 3045 cusum
1449 2982 1523 3045 AB:

358 3091 441 3150 itanc
466 3096 575 3152 cutem
601 3091 654 3155 BG
680 3092 839 3173 muj0rem
863 3110 933 3156 esse
958 3110 1055 3172 quum
1081 3092 1142 3159 BC,
1167 3094 1213 3154 sic
1238 3091 1419 3173 colligitur.
1444 3069 1521 3156 Cum

359 3199 421 3272 BE,
447 3200 496 3261 FB
520 3201 674 3281 aequales
698 3203 774 3276 sint,
794 3204 846 3265 ΒΛ
868 3221 947 3265 vero
970 3204 1078 3265 minor
1095 3203 1158 3272 Bt),
1179 3201 1337 3280 majorem
1362 3201 1519 3264 rationem

356 3305 454 3368 italici
479 3307 529 3369 FB
553 3307 594 3368 ad
619 3309 695 3381 liri,
719 3313 818 3387 quum
843 3309 897 3370 ΕΒ
921 3311 962 3371 ad
989 3310 1051 3379 Bi),
1083 3315 1114 3371 et
1138 3309 1376 3389 componendo,
1404 3309 1458 3370 Fr
1482 3308 1519 3370 ad

359 3412 411 3471 ΑΒ
436 3414 592 3492 urajcrem
618 3415 738 3487 habet,
761 3433 860 3496 quum
885 3416 941 3479 El)
965 3417 1007 3479 ad
1031 3419 1107 3490 llll;
1131 3426 1180 3482 esi
1204 3423 1314 3480 autem
1340 3425 1375 3481 ut
1404 3420 1457 3481 ΡΑ
1480 3418 1517 3482 ed

337 3520 424 3589 stit,
448 3519 494 3579 ita
518 3518 570 3583 Gp
595 3523 635 3582 ari
663 3522 710 3583 FB
737 3521 807 3606 (est
830 3524 918 3585 enim
943 3526 997 3586 si*
1023 3526 1129 3589 media
1153 3528 1237 3588 inter
1262 3526 1338 3598 ΒΑ,
1359 3525 1465 3610 AG),
1487 3533 1516 3588 et

357 3626 509 3688 similiter
533 3634 568 3688 ut
594 3628 648 3689 lli)
672 3629 713 3691 ad
737 3630 813 3702 Bi),
838 3631 883 3693 ita
907 3639 957 3695 est
980 3633 1033 3697 GE
1057 3633 1098 3694 ad
1123 3635 1200 3703 Eli:
1224 3652 1302 3715 ergo
1327 3634 1381 3698 ΩΒ
1406 3637 1448 3699 ad
1476 3635 1521 3699 BF

358 3735 514 3815 majorem
551 3736 647 3801 lrullet
684 3740 841 3802 rationem
877 3759 975 3820 quarn
1001 3743 1052 3805 Cli
1076 3744 1116 3804 ud
1142 3745 1217 3806 BE:
1258 3752 1306 3806 est
1340 3745 1446 3825 igilur
1472 3743 1521 3807 Gli

359 3845 463 3920 nrajor
489 3845 547 3907 llll.

652 4014 820 4075 turono-:m
846 4015 898 4084 ll'.
924 4018 1107 4077 l‘ccrosrrro
1134 4017 1229 4079 xl'll.

450 4165 531 4229 Doro
551 4172 766 4248 perpendiculo
789 4182 815 4234 rt
838 4174 930 4252 plone
953 4176 1113 4254 adipsum
1136 4177 1264 4256 inflexu,
1279 4178 1313 4237 in
1332 4177 1407 4240 eluto
1430 4177 1520 4258 ploce

355 4287 478 4356 purtem
500 4279 649 4354 siccare,
684 4280 717 4339 iu
742 4298 805 4359 quo
825 4291 893 4359 post
917 4299 1024 4345 casum
1048 4285 1080 4345 in
1103 4286 1321 4365 perpendiculo
1339 4288 1394 4367 fiet
1419 4296 1518 4349 multu

357 4394 490 4463 ternpore
512 4384 636 4464 ueqrmli
659 4388 697 4457 ci,
720 4406 782 4466 quc
804 4388 911 4452 rrrciilc
935 4390 1043 4454 elotum
1065 4392 1325 4473 perpendiculum
1348 4413 1389 4457 ec
1413 4398 1513 4477 quiete

358 4493 500 4571 confecit.

447 4601 495 4662 Sil
520 4603 786 4681 perpendiculum
813 4607 866 4668 ,tlt
891 4605 1106 4690 (ricmiri
1126 4611 1289 4689 adipsum
1312 4612 1446 4691 planum
1473 4614 1519 4673 in-

360 4709 481 4770 flexum
509 4712 580 4773 llll:
606 4720 732 4791 oportet
759 4714 789 4775 in
816 4715 867 4777 til]
892 4716 1035 4794 spatium
1060 4720 1210 4796 signare.
1245 4738 1302 4798 per
1337 4721 1425 4798 quod
1454 4738 1521 4782 mo·
