3775 5759
521 755 523 759 ἢ
636 690 810 739 sunnuorcn
836 694 918 739 scus
944 693 1098 740 orrtrssrx
1121 692 1252 751 oussrx.
1466 680 1530 745 273

361 812 594 894 infunditque
619 813 669 885 X,
692 819 725 895 pt
747 820 933 895 exponatur
957 814 1043 878 tinea
1068 814 1123 879 LO
1147 816 1207 897 ipsi
1232 817 1290 880 NN
1316 818 1473 899 aequetis,
1497 824 1528 881 et

361 919 419 986 LO
439 922 668 1003 contingenter
690 920 860 986 dividatur
874 923 909 986 io
927 920 961 998 S,
975 927 1008 986 et
1022 939 1122 1003 quum
1140 923 1301 987 rationem
1322 925 1420 989 hebet
1437 929 1531 989 utre·

358 1047 426 1113 que
446 1030 546 1097 simut
569 1030 638 1103 ΒΧ,
661 1029 714 1097 08
737 1031 780 1095 ud
802 1029 865 1108 OS,
888 1032 974 1097 hsnc
989 1031 1110 1096 habeat
1127 1032 1298 1096 conoidsie
1321 1034 1364 1096 ed
1388 1033 1531 1097 solidum

360 1140 404 1214 Υ,
424 1140 683 1207 etinscribctor
704 1141 835 1207 conoidi
859 1140 969 1225 figura
984 1158 1027 1205 ex
1042 1141 1201 1224 cylindris
1223 1142 1394 1223 aequatem
1417 1142 1533 1205 nititu-

360 1248 474 1313 dinem
497 1247 705 1325 habentibus,
729 1250 777 1313 ita
798 1255 848 1323 ut,
868 1268 955 1331 quse
978 1251 1066 1315 inter
1083 1251 1172 1315 itlius
1188 1259 1339 1336 centrum
1362 1251 1534 1333 gravitatis

360 1362 398 1422 et
421 1361 579 1439 punctum
604 1356 633 1423 N
656 1356 875 1440 intercipitur,
899 1359 1009 1422 minor
1032 1359 1076 1422 sit
1098 1376 1198 1440 quam
1223 1358 1281 1429 LS,
1300 1376 1456 1427 excessus
1473 1375 1534 1421 eu·

363 1472 445 1539 tem,
466 1482 533 1546 quo
553 1481 581 1528 r·
594 1466 735 1530 conoide
757 1472 944 1546 superetur,
968 1467 1077 1530 minor
1100 1469 1143 1531 sit
1162 1466 1267 1531 solido
1282 1467 1326 1530 Y:
1343 1467 1405 1530 troc
1422 1474 1534 1529 cutem

363 1574 438 1639 tieri
462 1592 575 1658 posse,
596 1577 725 1641 clsrum
747 1582 804 1641 est
833 1576 882 1643 Sit
906 1579 1018 1660 itaque
1040 1578 1221 1661 inscripto,
1243 1579 1340 1661 cujus
1364 1579 1536 1661 gravitatis

362 1691 516 1752 centrum
539 1687 583 1753 sit
604 1688 633 1752 i:
657 1688 719 1751 erit
737 1687 813 1770 jam
833 1688 878 1752 ΙΧ
901 1688 1009 1770 maior
1028 1686 1094 1753 8οε
1110 1695 1144 1750 et
1159 1689 1238 1770 quie
1253 1695 1314 1760 est,
1332 1695 1370 1751 ut
1388 1686 1534 1751 xn'cum

364 1793 420 1861 80
440 1794 483 1858 ad
506 1792 568 1870 80,
591 1795 638 1859 ita
660 1794 832 1859 conoideic
854 1796 896 1858 ud
920 1797 950 1860 Y
975 1793 1047 1881 (est
1070 1805 1181 1862 nutem
1208 1798 1236 1861 Y
1262 1798 1369 1879 majus
1398 1811 1534 1860 excessu

363 1922 434 1987 quo
453 1904 625 1971 conoideie
647 1904 789 1988 dgursm
812 1906 1005 1987 inscriptam
1022 1903 1185 1991 superet),
1209 1909 1270 1987 erit
1297 1905 1479 1971 conoiduiis
1494 1902 1534 1966 ad

364 2012 493 2081 dictum
517 2030 690 2079 excessum
714 2015 881 2095 proportio
905 2013 1013 2096 molor
1034 2030 1136 2095 quum
1159 2015 1332 2095 utriusque
1362 2014 1442 2090 ΒΧ,
1465 2010 1538 2086 08,

366 2122 532 2199 adsoret
546 2122 734 2197 dividendo,
749 2122 856 2204 dgure
868 2125 1028 2205 inscripto
1044 2125 1086 2188 ed
1102 2123 1227 2187 dictum
1243 2140 1416 2187 excessum
1435 2123 1540 2205 msto·

366 2252 439 2301 rem
462 2233 625 2299 rationem
650 2232 784 2297 habebit
806 2248 907 2314 quem
932 2233 988 2296 ΒΧ
1012 2233 1053 2296 ud
1078 2231 1143 2298 8οε
1167 2233 1398 2296 hebetantem
1423 2230 1478 2294 ΒΧ
1498 2231 1539 2292 ad

368 2344 415 2408 ΧΙ
437 2340 681 2425 proportionem
704 2340 814 2404 adhuc
836 2341 999 2404 minorem
1022 2358 1122 2422 quum
1142 2340 1184 2404 ud
1201 2338 1273 2405 SO:
1298 2339 1454 2419 inscripta
1474 2337 1540 2418 igi·

368 2458 427 2515 t-ur
447 2448 555 2533 dpuru
578 2449 620 2513 od
644 2450 789 2531 reliquas
812 2450 978 2530 portiones
1002 2450 1107 2514 mutto
1122 2450 1280 2532 mojorem
1298 2448 1540 2530 proportionem

369 2558 506 2623 hebeNt
525 2572 627 2639 quam
650 2556 706 2621 ΒΧ
731 2556 774 2620 nd
793 2558 851 2621 xl:
875 2574 975 2639 qnam
991 2558 1095 2641 igitur
1112 2559 1354 2640 proportionem
1370 2557 1469 2621 hebet
1485 2556 1537 2618 io-

370 2663 502 2746 scripte·
514 2662 638 2748 figure
653 2666 694 2729 od
718 2665 861 2746 retiquss
880 2664 1054 2747 portiones,
1073 2665 1139 2730 niis
1157 2665 1322 2747 quaedem
1338 2664 1425 2728 tinen
1441 2664 1543 2726 hube-

369 2773 423 2871 bit
443 2768 488 2837 nd
513 2770 581 2845 ·x1;
602 2789 688 2853 quse
715 2775 901 2838 necessario
934 2776 1044 2857 major.
1063 2776 1127 2840 erit
1142 2771 1249 2857 'quem
1273 2776 1340 2840 ΒΧ.
1368 2775 1417 2841 Sit
1439 2774 1542 2856 igitur

370 2884 450 2950 ΒΙΧ.
473 2884 638 2951 ffibcmm
668 2886 779 2968 itaque
800 2892 953 2953 centrum
976 2890 1151 2970 pravitatis
1174 2889 1322 2954 concidis
1346 2890 1390 2953 X:
1415 2886 1542 2971 figurae

370 2998 484 3057 nutem
506 2993 541 3057 in
564 2993 636 3074 ipso
659 2995 837 3076 inscriptae
859 3000 1011 3059 centrum
1035 2997 1210 3077 gravitatis
1228 3003 1278 3060 est
1293 2997 1317 3072 i,
1334 2995 1536 3075 reliquarum

369 3118 453 3183 ergo
474 3100 663 3183 portionum
684 3102 805 3184 quibus
828 3102 1001 3167 conoidste
1023 3104 1216 3184 inscriptum
1240 3096 1384 3185 flgu'rsm
1406 3103 1537 3167 excedit

372 3206 549 3288 gravitatis
565 3212 716 3272 centrum
740 3210 803 3272 erit
824 3209 858 3272 in
883 3209 970 3273 tinea
987 3210 1064 3287 ΧΜ,
1081 3216 1180 3293 utque
1195 3213 1229 3275 in
1245 3228 1285 3275 eo
1300 3212 1404 3294 ipsius
1420 3218 1542 3292 puncto

373 3316 409 3379 in
430 3330 500 3396 qno
520 3314 568 3381 tie
589 3317 766 3381 terminata
790 3316 891 3382 inerit
913 3324 960 3390 ut.
983 3337 1083 3402 qoam
1109 3322 1351 3402 proportionem
1375 3322 1474 3385 hebet
1490 3321 1542 3411 ⁵¹¹5

372 3423 497 3507 scriptu
519 3420 628 3508 figura
649 3425 693 3490 nd
714 3442 899 3504 excessum,
912 3445 980 3510 quo
1001 3447 1022 3493 a
1044 3430 1183 3494 conoide
1199 3439 1385 3512 superetur,
1401 3430 1540 3495 eandem

373 3534 480 3614 ipsum
504 3533 625 3599 umert
646 3533 688 3598 sd
712 3536 767 3600 ΧΙ.
791 3535 969 3601 Osteosum
987 3544 1100 3601 entem
1119 3544 1181 3614 est,
1195 3537 1282 3602 hunc
1299 3540 1541 3622 proportionem

373 3658 444 3707 esse
466 3642 562 3707 itiam
581 3654 682 3725 quem
705 3646 805 3711 habet
824 3647 890 3710 ΜΧ
909 3664 950 3711 ec
967 3646 1025 3711 XI:
1044 3649 1108 3711 erit
1122 3665 1201 3730 erpo
1218 3650 1251 3713 Β
1272 3648 1447 3732 gravitatis
1464 3664 1544 3711 cen·
1586 3662 1588 3667 “

374 3758 464 3817 trum
486 3768 603 3817 curum
626 3754 837 3834 portionum,
859 3755 981 3836 quibus
1002 3757 1177 3821 conoidote
1196 3759 1326 3822 excedit
1350 3758 1541 3837 inscriptam

378 3858 531 3940 iugorum,
543 3860 633 3943 quod
648 3869 737 3927 certe
751 3864 823 3927 esse
841 3881 906 3927 non
924 3869 1044 3945 potest;
1061 3882 1138 3928 num
1153 3866 1181 3929 si
1198 3883 1255 3947 per
1270 3865 1305 3929 Μ
1318 3865 1461 3929 ducetur
1474 3864 1541 3947 pto·

378 3985 459 4032 oum
482 3970 553 4036 best
576 3971 726 4037 concidis
748 3973 983 4055 aequidistans,
1006 3981 1103 4039 erunt
1118 3992 1234 4039 omnes
1252 3976 1360 4039 dictae
1380 3975 1543 4057 portiones

377 4092 494 4143 versos
514 4080 653 4145 enodem
678 4086 813 4163 partem,
837 4099 898 4146 nec
922 4083 965 4147 ub
987 4100 1027 4147 eo
1048 4082 1247 4147 dividentur.
1271 4081 1345 4148 Nou
1367 4091 1418 4148 est
1441 4084 1544 4167 igitur

377 4187 552 4268 gravitatis
572 4195 725 4255 centrum
747 4192 851 4273 ipsius
873 4192 1022 4257 concidis
1045 4192 1132 4258 inira
1155 4202 1314 4276 puuctum
1337 4194 1375 4259 N.
1399 4192 1462 4259 Sed
1485 4209 1544 4256 ne·

378 4313 444 4376 «pue
464 4312 574 4380 supro.
598 4300 647 4367 Sit
668 4302 779 4375 enim,
803 4303 829 4366 si
853 4300 924 4365 ficri
951 4309 1064 4385 potest,
1089 4304 1129 4378 fl,
1152 4309 1185 4368 et
1208 4322 1345 4379 rursus,
1367 4308 1405 4366 ut
1427 4296 1542 4382 supro,

376 4414 563 4485 exponetur
583 4408 671 4473 tinen
693 4408 750 4474 ΒΟ
771 4410 920 4491 nequeiis
942 4411 1005 4492 ipsi
1025 4411 1108 4488 HN,
1131 4420 1165 4476 ct
1185 4412 1413 4493 contingenter
1435 4410 1544 4474 divisa

380 4513 415 4576 io
441 4512 485 4576 S:
508 4518 542 4579 ct
562 4534 663 4600 quem
687 4521 928 4603 proportionem
953 4521 1051 4587 hebet
1073 4530 1213 4605 utruque
1235 4521 1334 4586 simut
1349 4519 1415 4588 BN.
1432 4518 1484 4584 80
1502 4520 1543 4583 ed

381 4623 448 4695 SL.
472 4623 557 4693 hunc
580 4628 699 4696 habeor
722 4631 895 4696 conoidcie
917 4634 959 4698 ud
983 4633 1024 4709 Y,
1047 4639 1078 4696 et
1100 4631 1263 4697 conoideti
1286 4629 1545 4692 circumscribu-

377 4740 437 4797 tur
459 4733 569 4820 dgnre
590 4755 632 4803 ex
654 4740 823 4822 cylindris,
848 4748 884 4808 ut
907 4744 1033 4808 dictum
1057 4748 1118 4820 est,
1141 4759 1159 4805 c
1182 4757 1246 4821 quo
1269 4738 1388 4802 minori
1412 4739 1546 4818 quonti-

499 4841 625 4900 Gsmeno
641 4847 768 4906 Grerccr.
787 4883 820 4891 —
841 4851 872 4904 T.
894 4849 978 4904 ΧΙΙΙ.
1384 4850 1418 4899 33
