3775 5759
364 656 426 722 ¹82
666 639 811 718 uttuuuut
835 672 938 718 nntnn
962 672 1065 719 nuovn
1089 673 1215 719 scrnnza

359 800 499 859 metrum
518 792 812 876 perpendiculares.
825 798 858 855 et
879 793 963 856 inter
978 793 1152 874 planorum
1170 792 1238 867 ΕΑ,
1257 793 1317 858 ΑΒ
1329 791 1521 856 altitudines

358 903 464 965 media
487 904 528 966 sit
553 900 803 982 proportionalis
826 901 878 963 Al.
902 900 944 965 Et
976 901 1053 982 quia
1088 900 1283 981 rectangula
1312 900 1421 974 ΒΑΕ,
1444 901 1523 965 inu

357 1010 507 1092 aequalia
530 1013 607 1072 sunt
628 1007 798 1089 quadratis
822 1006 888 1084 AG,
912 1009 988 1081 nu;
1007 1014 1043 1073 ut
1061 1016 1173 1073 autem
1190 1009 1424 1090 rectangulutn
1445 1008 1521 1072 ΒΑΕ

357 1118 399 1182 ad
423 1116 650 1198 rectangulum
676 1114 770 1190 FAD,
795 1114 840 1178 ita
865 1116 921 1180 ΒΑ
945 1117 985 1180 ad
1009 1114 1180 1198 AD3ergo
1199 1124 1236 1180 ut
1251 1116 1455 1197 quadratum
1471 1116 1522 1182 CA

357 1224 399 1288 ad
421 1222 619 1305 quadratum
645 1222 708 1291 ΑΒ,
732 1222 780 1285 ita
802 1222 859 1286 ΕΔ
884 1224 970 1286 linea
985 1224 1027 1287 ad
1047 1224 1167 1287 lineam
1188 1223 1257 1289 ΑΒ.
1279 1224 1407 1289 Verum
1432 1229 1468 1287 ut
1484 1224 1523 1287 li·

359 1349 420 1396 nea
442 1331 500 1395 EA
526 1329 568 1393 ad
598 1329 671 1400 ba,
692 1331 740 1393 ita
762 1331 962 1412 quadratum
986 1333 1029 1398 lb
1053 1333 1093 1396 ad
1118 1335 1322 1415 quadratum·
1348 1334 1423 1407 ΔΒ;
1443 1351 1523 1416 ergo

358 1440 519 1522 quadrata
542 1439 792 1511 transeunda,
816 1441 872 1506 ΑΒ
895 1446 972 1506 sunt
995 1443 1082 1507 inter
1103 1458 1149 1514 se,
1171 1452 1209 1508 ut
1231 1434 1398 1526 quadrata
1421 1442 1521 1506 linea·

359 1568 433 1614 rum
457 1550 511 1623 lb,
534 1549 606 1626 ΑΒ,
629 1553 661 1612 et
684 1550 758 1614 ldeu
781 1554 817 1613 ut
840 1548 896 1616 CA
919 1549 1007 1613 linea
1029 1551 1071 1614 ad
1095 1552 1168 1624 ΑΒ,
1189 1552 1237 1616 ita
1258 1551 1303 1616 lb
1327 1551 1371 1616 ad
1391 1550 1460 1617 ΑΒ.
1483 1554 1521 1614 At

360 1662 393 1724 in
417 1658 621 1742 praecedenti
646 1658 906 1724 demonstratum
920 1666 981 1737 est,
998 1662 1159 1725 rationem
1177 1661 1334 1743 temporis
1350 1660 1523 1726 descensus

360 1786 417 1849 per
436 1767 493 1834 nu
517 1766 558 1830 ad
581 1771 710 1848 tempus
733 1767 909 1831 descensus
933 1774 990 1849 pe'r
1013 1769 1079 1846 ΑΒ,
1097 1770 1250 1852 componi
1273 1786 1315 1834 ex
1339 1769 1522 1833 ratiom'bus

359 1876 416 1942 CA
428 1877 469 1940 ad
483 1870 538 1941 ΑΒ
552 1880 585 1938 et
599 1876 711 1941 ΒΑΜ
722 1876 777 1951 nl,
792 1884 940 1957 quaeest
957 1878 1071 1942 eadem
1091 1895 1168 1943 cum
1184 1878 1312 1942 ratione
1327 1876 1385 1942 ΒΑ
1397 1875 1441 1939 ad
1458 1874 1523 1945 Act

358 2003 439 2068 ergo
461 1986 546 2050 ratio
564 1986 720 2068 temporis
735 1986 910 2049 descensus
927 2003 984 2067 per
1000 1987 1053 2054 AC
1071 1988 1111 2052 ad
1132 1994 1259 2068 tempus
1274 1985 1456 2050 descensus
1471 2001 1523 2066 per

359 2094 416 2159 ΑΒ
437 2096 652 2177 componitur
664 2112 706 2158 ex
731 2093 915 2157 rationibus
938 2093 994 2162 CA
1017 2097 1060 2160 ad
1082 2096 1148 2168 ΑΒ,
1172 2103 1205 2160 et
1228 2096 1284 2161 ΒΑ
1306 2095 1349 2159 ad
1374 2092 1442 2160 AC.
1467 2092 1520 2156 Est

360 2203 462 2286 igitur
481 2204 566 2269 ratio
584 2201 774 2268 eorumdem
795 2208 979 2284 temporum
1001 2206 1086 2268 ratio
1102 2203 1323 2285 aequalitatis,
1340 2220 1424 2286 ergo
1440 2205 1522 2284 patet

360 2315 573 2397 propositum.
1250 2306 1252 2311 ’

448 2419 537 2484 ldem
573 2419 668 2483 aliter
701 2418 949 2485 demonstretur
978 2437 1019 2484 ex
1048 2419 1123 2482 meis
1152 2418 1375 2491 mechanicis,
1411 2433 1522 2498 nempe

360 2524 455 2611 (th.
479 2523 543 2612 56)
569 2526 688 2590 mobile
712 2526 914 2608 temporibus
935 2526 1130 2608 aequalibus
1150 2523 1521 2607 pertransiremus.

361 2636 409 2702 Sit
431 2637 598 2701 enim'BA
623 2636 770 2718 aequalis
793 2636 859 2718 ipsi·
883 2637 952 2712 ΒΔ,
979 2643 1012 2700 et
1038 2637 1204 2701 ducantur
1238 2634 1523 2718 perpendiculares

359 2747 424 2818 BE.
440 2746 650 2818 tum-constat
663 2761 705 2807 ex
721 2747 796 2808 mets
811 2745 981 2809 elementis
999 2744 1200 2810 mechanicis
1219 2749 1429 2809 momentum
1444 2758 1522 2824 pon·

360 2853 447 2917 deris
470 2869 568 2934 super
590 2853 688 2936 plano
711 2851 892 2917 secundum
915 2852 1037 2916 lineam
1063 2853 1143 2919 ABG
1167 2853 1297 2917 elevato
1316 2851 1359 2915 ad
1375 2866 1522 2915 momen·

361 2967 433 3026 tum
459 2978 556 3025 suum
581 2961 681 3024 totale
704 2976 784 3030 esse,
807 2965 844 3024 ut
867 2960 921 3025 ΒΕ
946 2959 1070 3034 adbit,
1090 2961 1141 3024 rel
1163 2958 1294 3035 ad'lib3
1311 2958 1521 3041 ejusdemque

360 3070 511 3152 mederis
536 3075 737 3134 momentum
762 3087 859 3151 super
882 3071 1065 3133 elevatione
1089 3071 1147 3133 ΑΒ
1163 3069 1203 3132 ad
1222 3067 1320 3132 totale
1335 3084 1435 3129 suum
1455 3084 1521 3129 mo

359 3189 506 3246 mentum
530 3197 611 3252 csse,
634 3186 671 3242 ut
693 3179 746 3243 DF
766 3180 805 3241 ad
831 3181 898 3252 ΒΑ,
923 3179 974 3242 vel
1001 3180 1073 3242 BA:
1093 3194 1173 3259 ergo
1195 3177 1342 3258 ejusdem
1369 3173 1520 3255 ponderis

362 3298 562 3356 momentum
580 3306 677 3370 super
693 3289 790 3368 plano
807 3288 986 3351 secundum
1008 3288 1064 3350 ΒΛ
1081 3285 1241 3348 inclinato
1260 3285 1300 3346 ad
1319 3289 1522 3346 momentum

360 3418 458 3481 super
480 3400 692 3462 inclinatione
716 3396 898 3459 secundum
923 3396 1003 3461 ΑΒΕ
1027 3400 1086 3469 est,
1106 3401 1143 3458 ut
1160 3396 1245 3458 linea
1264 3394 1317 3457 DF
1337 3393 1379 3455 ad
1400 3392 1520 3456 lineam

358 3509 422 3572 BE.
447 3508 556 3584 Quare
579 3507 694 3586 spatia,
717 3510 801 3585 quoe
825 3505 1035 3586 pertransibit
1057 3506 1142 3569 idem
1167 3504 1293 3585 pondus
1318 3503 1522 3582 temporibus

361 3613 553 3694 aequalibus
577 3626 675 3691 super
698 3611 965 3674 inclinationibus
987 3612 1056 3685 CA,
1081 3614 1154 3687 ΒΑ,
1178 3618 1274 3675 erunt
1305 3612 1392 3674 inter
1415 3628 1460 3679 se.
1486 3617 1521 3672 ut

360 3724 464 3788 lineae
487 3723 555 3791 ΒΕ,
580 3722 645 3788 DF.
670 3740 712 3783 ex
736 3722 954 3802 propositione
977 3725 1120 3787 secunda
1146 3723 1241 3802 primi
1266 3721 1339 3784 libri
1363 3720 1462 3801 cujus
1486 3721 1522 3782 de

361 3839 447 3893 motu
468 3830 621 3911 aequabili
645 3830 678 3889 in
703 3829 769 3891 eius
793 3848 949 3893 conuerso.
976 3831 1096 3893 Verum
1121 3831 1233 3894 otuu
1258 3829 1298 3892 ad
1316 3829 1380 3900 DF,
1397 3829 1446 3891 ila
1466 3829 1525 3892 de·

362 3946 564 4003 monstratur
584 3957 619 4002 se
649 3940 769 4003 babere
791 3940 845 4006 AC
869 3939 911 4001 ad
935 3941 1007 4009 DA:
1031 3957 1109 4019 orgo
1131 3938 1218 4002 idem
1250 3939 1368 4001 mobile
1392 3943 1525 4020 tempo·

361 4043 452 4107 ribus
471 4045 662 4125 aequalibus
687 4048 861 4127 pertransit
885 4048 988 4112 lineas
1011 4048 1077 4121 CA,
1103 4048 1170 4110 ΒΑ.

451 4153 531 4216 Esse
554 4160 663 4216 autem
688 4160 724 4217 ut
748 4156 801 4219 BE
824 4156 864 4218 ad
890 4156 965 4227 DF,
991 4156 1036 4217 ita
1065 4154 1119 4219 CA
1143 4154 1183 4216 ad
1209 4156 1287 4223 ΒΑ.
1312 4155 1358 4217 ita
1382 4154 1524 4219 demon·

362 4269 508 4328 stratur:

450 4375 756 4454 innumeremus
780 4392 835 4455 per
859 4376 886 4438 Β
908 4382 939 4436 el
964 4377 988 4439 B
1012 4375 1073 4456 ipsi
1098 4375 1151 4438 nt*
1177 4373 1352 4455 parallelae
1376 4369 1525 4454 agantur

363 4483 467 4556 but,
490 4500 604 4548 secans
628 4483 681 4549 CA
706 4486 739 4546 in
765 4490 886 4563 puncto
908 4485 944 4557 l,
968 4493 999 4548 et
1024 4485 1100 4548 utt:
1129 4485 1256 4562 critque
1279 4483 1421 4564 angulus
1451 4484 1524 4547 ΑΒΙ

364 4594 510 4673 aequalis
533 4594 654 4675 angulo
677 4594 771 4663 ΒΒΑ,
790 4610 865 4655 cum
886 4594 1148 4657 circunierentiis
1169 4592 1232 4663 lul,
1255 4593 1311 4655 ΑΒ
1326 4593 1522 4672 aequalibus

363 4701 524 4769 insistant.
549 4710 661 4785 estque
684 4704 825 4785 angulus
851 4703 930 4768 l)th
955 4705 1160 4766 eommunis:
1184 4720 1261 4782 crgo
1280 4703 1523 4782 triangulorum
