3775 5759
804 691 956 738 atomum
981 691 1091 739 renel.
1461 679 1524 745 197

362 811 469 875 media
491 812 577 876 inter
600 811 671 881 BC.
696 811 769 882 El),
794 813 847 875 oui
872 812 1021 893 aequalia
1045 819 1186 894 poualur
1209 815 1286 888 um
1320 819 1353 879 el
1376 816 1523 897 ipoarum

363 919 435 992 BC,
459 919 515 984 CA
539 920 633 984 tertia
658 920 910 1001 proportionalis
932 921 977 984 sit
999 921 1063 987 CE.
1090 922 1180 995 Eleo,
1200 924 1253 987 EB
1276 926 1525 1007 aemulantium,

360 1027 447 1108 quod
472 1033 681 1108 postumum
705 1045 747 1091 ex
769 1026 794 1094 C
818 1026 998 1094 ooullcitur
1020 1034 1166 1113 tempore
1193 1033 1307 1097 eodem
1342 1052 1382 1098 ae
1414 1036 1524 1116 ipsum

361 1135 425 1203 cu.
450 1134 484 1200 si
507 1135 596 1198 enim
619 1135 854 1218 intelligamus,
878 1139 1008 1218 tempus
1034 1154 1090 1218 per
1112 1143 1218 1203 totam
1241 1139 1293 1205 CB
1316 1157 1388 1206 eoae
1405 1141 1526 1215 utcu,

360 1243 423 1307 erit
445 1243 501 1306 ΕΑ
527 1241 658 1328 (medie
681 1243 806 1307 scilieet
830 1244 917 1309 inter
938 1244 1004 1318 BC,
1024 1243 1101 1330 cu)
1119 1251 1248 1328 tempus
1268 1264 1325 1329 per
1343 1249 1398 1316 Cl)
1423 1250 1525 1317 Cum·
1604 1224 1606 1228 Ι

359 1373 424 1438 que
446 1354 503 1422 CA
525 1355 633 1418 media
656 1355 698 1419 eit
721 1355 808 1418 inter
841 1354 915 1429 BC,
946 1354 1023 1437 GE,
1045 1355 1109 1419 erit
1131 1354 1187 1421 CA
1211 1363 1340 1439 tempus
1364 1375 1422 1439 per
1448 1357 1524 1429 GE:

358 1469 408 1528 est
431 1469 545 1527 autem
568 1469 636 1526 tola
659 1462 709 1528 BC
736 1469 865 1545 tempus
888 1481 945 1545 per
968 1469 1073 1529 totam
1100 1463 1173 1537 CB;
1210 1482 1290 1549 ergo
1318 1467 1445 1549 reliqua
1468 1467 1524 1532 BA

359 1574 423 1638 erit
445 1581 575 1654 tempus
599 1588 656 1653 por
678 1572 839 1654 reliquam
861 1573 915 1636 ΕΒ
939 1579 1012 1655 post
1034 1590 1151 1639 casum
1173 1592 1216 1639 ex
1238 1574 1286 1649 ῦς
1310 1576 1426 1641 eadem
1445 1594 1525 1642 vero

359 1682 414 1745 ua
437 1679 501 1746 luit
524 1687 661 1762 tempus·
677 1698 734 1762 per
756 1679 835 1753 cu;
867 1699 947 1765 ergo
979 1685 1181 1765 temporibus
1203 1685 1396 1767 aequalibus
1418 1685 1525 1752 ooull·

360 1790 494 1855 «eluatur
514 1790 570 1857 ct)
592 1797 626 1854 et
647 1791 701 1854 ΕΒ
724 1807 766 1854 ex
789 1791 898 1871 quiete
921 1792 956 1854 in
980 1795 1028 1863 Aa
1053 1793 1237 1873 quoderat
1261 1793 1478 1860 laciendum.¹

656 1928 834 2048 Taaoauul¹
856 1958 915 2032 lv,
936 1960 1123 2027 Paoaoumo
1147 1961 1233 2026 llxl.

452 2112 492 2180 Si
512 2116 549 2179 iu
567 2113 788 2197 perpendiculo
809 2119 864 2199 ltot
886 2134 980 2190 eoaua
1002 2134 1044 2183 eu
1066 2120 1180 2200 quiete,
1198 2119 1233 2183 io
1255 2136 1319 2201 quo
1334 2137 1357 2184 o
1371 2118 1526 2202 puoeipio

361 2224 491 2289 lotionis
513 2232 660 2289 sumatur
678 2241 755 2306 pora
777 2226 888 2307 quouis
911 2235 1045 2307 tempore
1064 2235 1202 2308 peraeto,
1214 2235 1283 2309 poet
1301 2244 1398 2310 quom
1412 2244 1528 2310 aequa·

361 2342 418 2400 tur
437 2341 541 2400 motos
563 2334 701 2416 leticum
729 2351 788 2416 per
821 2334 949 2418 aliquod
972 2335 1103 2416 pluam
1131 2345 1293 2419 meaeque
1315 2335 1527 2409 imitantem,

358 2444 521 2527 ιριιιιιιιι,
542 2443 627 2545 quod
647 2445 682 2507 io
705 2443 761 2508 toli
779 2444 877 2525 plum
899 2445 1065 2528 conficitur
1086 2447 1121 2508 in
1145 2453 1279 2527 taluam
1299 2444 1426 2527 aequali
1448 2452 1528 2508 teat·

357 2557 431 2638 pori
452 2570 546 2621 eatae
561 2556 634 2637 jum
654 2557 773 2637 peracti
795 2556 829 2619 io
848 2555 1093 2639 mendicato,
1119 2555 1161 2620 ιιι
1183 2557 1322 2638 apetium
1339 2556 1410 2638 jou
1429 2572 1526 2637 pero·
1670 2612 1672 2616 .

360 2674 458 2730 olun-
478 2668 517 2728 to
547 2663 775 2746 perpendiculo,
809 2662 913 2744 majus
948 2664 1008 2727 erit
1041 2680 1139 2746 quom
1160 2661 1301 2745 duplam,
1324 2663 1429 2727 minue
1454 2677 1528 2724 voro

360 2789 459 2854 quau
483 2771 620 2854 triplum.
745 2826 748 2831 .
1100 2789 1107 2802 “
1495 2806 1499 2814 -

450 2879 541 2945 lolia
561 2879 768 2945 horizontem
793 2880 849 2944 ΑΕ
874 2877 948 2965 (th
963 2877 1019 2967 77)
1041 2881 1085 2946 eit
1108 2880 1380 2963 {mrpoudieulum
1403 2880 1477 2950 ΑΒ,
1496 2880 1530 2943 in

360 3004 428 3071 quo
439 3005 483 3052 ex
494 2987 657 3071 palueipio
669 2993 697 3054 Α
710 2988 767 3053 llet
778 3006 888 3064 cesus,
899 2988 997 3071 eujus
1012 2995 1165 3053 sumatur
1180 2988 1345 3069 quaelibet
1363 3005 1440 3070 para
1459 2987 1533 3062 Ac;

360 3097 440 3163 ioue
461 3115 505 3162 ex
527 3097 551 3165 C
575 3099 754 3163 inclinetur
775 3104 945 3179 uteunque
968 3097 1103 3178 planum
1136 3095 1216 3169 CG3
1249 3113 1348 3176 super
1370 3112 1437 3175 quo
1462 3099 1535 3176 post

359 3220 462 3273 enses
485 3207 518 3269 ia
539 3206 595 3274 AC
616 3208 830 3271 continuetur
853 3210 973 3269 motus.
989 3203 1181 3285 {ileo-quod
1196 3202 1342 3285 epatium
1361 3200 1418 3265 tali
1440 3207 1532 3266 motu

362 3319 608 3398 pometumper
622 3314 676 3380 (ιιι
698 3314 733 3378 in
758 3320 904 3395 tempore
919 3312 1050 3394 aequali
1067 3313 1207 3394 tempori
1222 3328 1320 3375 oasua
1334 3328 1391 3393 per
1403 3310 1471 3381 Ac.
1484 3314 1534 3391 eat

361 3423 439 3505 pluo
463 3438 561 3504 qoam
585 3421 736 3502 duplum,
758 3422 868 3485 minus
892 3438 972 3484 vero
995 3436 1095 3500 quam
1112 3420 1249 3501 triplum
1264 3418 1413 3500 ejusdem
1431 3419 1531 3500 apelii

360 3531 426 3598 AC.
450 3532 595 3596 Ponatur
617 3530 706 3594 enim
729 3528 781 3595 CF
804 3529 953 3611 aequalis
977 3530 1043 3598 AC.
1065 3535 1098 3593 et
1121 3535 1258 3611 extenso
1278 3528 1376 3609 plano
1396 3527 1450 3594 GC
1471 3545 1530 3592 ua·

359 3661 423 3726 que
445 3642 489 3707 ad
511 3640 716 3705 horizontem
739 3640 773 3702 in
797 3640 837 3711 E,
860 3638 918 3702 llet
942 3644 979 3702 ut
1002 3637 1056 3704 GE
1079 3637 1122 3702 ad
1145 3638 1221 3709 EF.
1246 3637 1294 3702 ita
1318 3637 1370 3701 FE
1395 3635 1437 3700 ad
1462 3636 1530 3702 EG.

360 3754 394 3821 si
417 3756 532 3837 ltaque
554 3758 698 3835 ponatur
718 3757 851 3832 *tempus
873 3764 972 3813 casua
997 3765 1053 3829 per
1077 3747 1130 3812 AC
1155 3764 1227 3812 eoae
1260 3753 1300 3811 ut
1331 3747 1420 3809 linea
1454 3744 1531 3817 AG,

359 3862 424 3925 erit
446 3862 501 3929 GE
524 3867 654 3942 tempus
677 3876 735 3942 per
757 3859 811 3924 EC
834 3862 868 3922 et
887 3858 962 3930 CF,
985 3874 1045 3922 eeu
1068 3856 1147 3930 CA,
1184 3864 1315 3938 tempus
1338 3859 1449 3920 motus
1472 3872 1531 3936 per

364 3969 432 4036 (ιιι.
454 3968 700 4035 Oeteadmdum
725 3969 838 4050 itaque
859 3976 921 4042 eat,
939 3967 1086 4048 epatium
1101 3966 1155 4033 CG
1171 3966 1243 4048 ipso
1256 3966 1312 4032 CA
1328 3965 1439 4049 malua
1458 3982 1530 4030 esee

364 4075 640 4156 quemuuptum,
661 4075 773 4139 miuus
796 4088 997 4154 veroquam
1024 4072 1169 4154 triplum.
1193 4071 1278 4138 Cum
1296 4073 1385 4136 euim
1409 4073 1475 4148 alt,
1493 4078 1531 4137 ot

363 4183 420 4249 GE
441 4182 485 4246 ad
506 4183 577 4257 EF,
598 4185 648 4250 ιιι
670 4185 723 4248 EE
747 4184 790 4249 ad
812 4183 884 4258 EG,
907 4183 971 4249 erit
992 4183 1096 4248 etiam
1119 4183 1168 4247 ila
1190 4182 1242 4249 CF
1266 4182 1308 4246 ad
1332 4181 1531 4249 FElliuor

367 4296 484 4357 aulem
505 4299 556 4359 eet
578 4294 633 4362 EC
656 4310 756 4376 quam
780 4294 972 4375 EE‚·quare
993 4299 1026 4358 et
1049 4293 1102 4361 cl*
1125 4293 1235 4358 minor
1257 4294 1320 4358 erit
1341 4308 1443 4374 quam
1466 4289 1531 4366 EG,

360 4407 395 4465 el
418 4400 475 4468 GG
495 4403 603 4486 major
624 4422 726 4486 quam
749 4403 850 4486 dupla
875 4404 949 4479 FC,
971 4421 1030 4468 eeu
1066 4404 1132 4472 AG.
1161 4404 1313 4485 Cumque
1336 4418 1452 4466 ramus
1475 4400 1529 4467 ΕΕ

360 4512 475 4575 ιιιιιιοι
496 4512 660 4596 aliquam
685 4513 785 4596 dupla
808 4512 851 4576 ιιι
873 4513 927 4580 Et:
952 4511 1025 4599 leat
1044 4515 1135 4579 ‘enlm
1158 4513 1220 4579 EG·
1238 4510 1345 4593 major
1367 4511 1446 4584 cll,
1469 4526 1529 4574 seu

360 4618 415 4684 GE
426 4616 450 4705 l,
473 4619 539 4684 erit
557 4639 689 4704 quoque
711 4623 765 4689 Gl'
789 4623 896 4687 minor
918 4641 1019 4706 quam
1044 4625 1144 4706 duple
1162 4621 1204 4687 ad
1221 4622 1284 4698 FC,
1299 4626 1334 4685 et
1349 4616 1403 4686 GC
1419 4620 1530 4686 minor

361 4744 463 4811 quam
487 4729 586 4811 trlpla
610 4731 652 4795 etl
675 4731 739 4805 CF,
761 4749 818 4797 seu
841 4731 906 4800 CA.
931 4735 1027 4813 Quod
1051 4739 1123 4799 erat
1145 4732 1426 4841 demostreudum.
1477 4781 1479 4785 .
