3775 5759
647 645 820 693 unimores
843 647 924 693 auru
948 647 1100 694 urbanam
1124 649 1256 705 ornari.
1475 633 1541 699 275

366 765 554 827 necessario
577 765 686 829 miuus
709 765 773 829 erit
794 765 884 829 dieto
905 783 1054 831 excessu.
1084 769 1124 832 Et
1152 770 1351 833 inscribatur
1370 773 1436 835 atia
1458 773 1542 855 tigu-

367 890 420 948 ra‚
441 890 525 954 quae
549 890 568 937 s
592 875 730 939 couoido
752 880 926 954 superatur
951 876 1069 940 minori
1094 878 1287 958 quantitate
1302 897 1402 960 quam
1428 882 1472 945 sit
1496 880 1540 952 Η,

364 984 460 1068 cujus
494 984 672 1068 gravitatis
704 992 856 1050 centrum
890 986 989 1049 cadet
1023 987 1110 1049 intra
1146 985 1214 1052 OC.
1244 987 1292 1050 Sit
1320 989 1357 1052 V.
1387 988 1428 1051 itt
1461 988 1539 1069 quia

364 1094 473 1176 prima
500 1094 609 1179 tigura
631 1095 674 1159 ad
699 1096 936 1162 uertuntur
961 1096 1003 1161 ad
1026 1094 1105 1169 It03
1130 1097 1274 1161 secunda
1310 1102 1421 1161 autem
1450 1098 1537 1179 tigu-

363 1221 426 1279 ra,
447 1205 544 1288 cujus
565 1211 719 1269 centrum
744 1206 783 1278 V,
808 1205 916 1288 major
938 1211 988 1269 est
1012 1205 1141 1286 prima,
1171 1211 1205 1268 et
1235 1223 1254 1268 a
1278 1206 1416 1270 conoide
1441 1222 1539 1269 exce·

363 1316 459 1381 ditur
494 1315 610 1381 minori
647 1316 832 1397 quantitate
860 1314 1027 1397 quamsit
1053 1315 1103 1386 tt:
1129 1332 1229 1395 quam
1254 1315 1417 1379 rationem
1441 1315 1537 1379 babet

361 1422 513 1489 soeuuds
535 1424 641 1507 figura
665 1423 707 1487 ad
730 1442 915 1498 excessum,
937 1442 1002 1505 qun
1026 1442 1045 1487 a
1069 1426 1209 1489 conoide
1232 1432 1428 1506 superatur,
1452 1426 1536 1489 banc

362 1535 503 1601 babebit
525 1535 567 1601 ad
590 1536 648 1601 tttt
673 1535 762 1598 tinea
786 1535 892 1617 major
916 1534 988 1615 ipsa
1013 1535 1076 1598 titt.
1102 1535 1160 1598 Est
1197 1541 1307 1599 auteur
1334 1536 1360 1598 u
1384 1539 1536 1599 centrum

365 1642 747 1727 grsuumrcouoiuts:
782 1643 962 1725 inscriptae
986 1651 1097 1707 autem
1122 1643 1286 1707 moundao
1312 1646 1360 1707 V:
1384 1648 1536 1727 ceutrurn

363 1770 446 1836 erpo
465 1752 668 1835 retiqunrun
692 1754 879 1833 portionum
902 1755 968 1816 erit
989 1757 1086 1816 extra
1109 1751 1263 1816 conoides
1287 1752 1372 1816 intra
1399 1754 1433 1825 n,
1448 1753 1534 1834 quud

363 1866 417 1927 cst
438 1860 650 1942 impossibiie.
674 1861 716 1926 Et
731 1862 847 1925 eodem
866 1866 963 1942 paeto
977 1858 1270 1932 demonstrabitur,
1288 1865 1439 1923 centrum
1457 1876 1535 1942 gra·

365 1969 481 2035 vitatis
500 1967 647 2051 eiusdem
669 1968 822 2035 concidis
857 1986 922 2033 non
945 1986 1017 2033 esse
1041 1969 1074 2032 in
1101 1969 1187 2032 tinra
1211 1969 1277 2034 Cb.
1302 1968 1399 2048 Quod
1424 1975 1535 2034 autern

364 2094 432 2141 nou
455 2076 501 2142 sit
521 2076 664 2143 aiterum
688 2083 885 2159 punctorum
910 2079 958 2154 C,
989 2077 1040 2149 0.
1065 2077 1277 2141 manifestum
1305 2084 1366 2143 est.
1389 2079 1422 2144 Si
1446 2062 1534 2143 enirn

365 2185 459 2250 diosa
480 2200 563 2256 osso,
586 2185 761 2267 descriptis
782 2185 858 2250 atiis
879 2185 1004 2269 figuris.
1024 2186 1183 2266 inscripta
1207 2183 1340 2265 quidem
1358 2186 1476 2267 majori
1495 2186 1535 2249 ii-

366 2298 411 2374 ta,
430 2296 528 2379 eujus
548 2301 701 2361 centrum
726 2295 781 2368 0,
802 2295 1055 2375 circumscripta
1091 2310 1168 2357 vero
1203 2292 1326 2356 minor.
1343 2309 1406 2365 ea,
1439 2294 1534 2376 cujus

363 2410 517 2481 centrum
550 2403 600 2478 G.
637 2411 789 2469 centrum
813 2404 965 2469 conoidis
987 2409 1083 2468 extra
1106 2403 1225 2466 barum
1249 2401 1431 2485 figurarum
1455 2420 1535 2466 cen·

365 2520 457 2579 trum
491 2513 645 2590 cederet,
678 2515 766 2594 quud
801 2530 906 2595 nuper
932 2511 1136 2594 impossibiie
1163 2528 1234 2576 csse
1256 2511 1449 2577 conclusum
1472 2518 1533 2577 est.

366 2623 499 2712 Restat.
515 2636 615 2704 erpo.
641 2627 677 2685 ut
699 2622 786 2686 iuter
808 2626 959 2687 nentrum
982 2621 1254 2703 circumscriptae
1287 2627 1321 2684 et
1354 2620 1533 2702 inscriptae

366 2731 495 2815 dgurae
516 2731 570 2795 sit.
592 2730 687 2810 Quod
703 2730 731 2794 si
755 2730 802 2794 ita
826 2736 887 2807 est,
911 2732 1097 2796 necessario
1120 2731 1183 2795 erit
1198 2732 1232 2794 in
1250 2731 1346 2814 signo
1362 2729 1430 2807 itio,
1446 2731 1534 2813 quud

365 2856 465 2905 axem
488 2838 668 2931 utriutm
691 2855 768 2920 pars
791 2841 834 2904 ad
857 2840 1018 2905 verticem
1043 2839 1188 2922 retiquae
1221 2841 1265 2903 sit
1298 2838 1422 2921 dupio,
1455 2856 1531 2905 oum

364 2950 453 3014 euim
477 2947 708 3014 circumscribi
731 2953 764 3010 et
786 2948 923 3012 inscribi
939 2949 1065 3029 possint
1089 2948 1236 3029 tigurae,
1259 2949 1306 3012 ita
1324 2957 1359 3012 ut
1377 2966 1462 3030 quae
1481 2949 1533 3013 iu·

367 3063 418 3122 ter
453 3057 601 3138 ipsarum
623 3060 773 3123 centrum
797 3061 832 3119 et
850 3055 974 3119 dictum
997 3055 1129 3136 siguum
1153 3055 1277 3117 cadunt
1296 3053 1425 3131 tineae,
1447 3073 1532 3137 qua·

364 3182 498 3247 cunque
517 3165 606 3231 linea
627 3167 695 3231 siut
717 3166 870 3240 minores,
893 3165 990 3228 atiter
1013 3162 1176 3258 dicentem
1195 3163 1236 3226 ad
1251 3163 1454 3244 impossibiie
1472 3166 1530 3228 de·

364 3275 574 3365 duceremus,
589 3276 678 3357 quod
696 3274 824 3339 scilicet
838 3279 988 3338 centrum
1003 3273 1151 3337 conoidis
1170 3290 1235 3337 non
1251 3273 1338 3336 iutra
1351 3273 1529 3356 inscriptae

362 3391 398 3451 et
420 3386 691 3468 circumscriptae
713 3391 827 3451 centra
846 3386 989 3451 caderet.

790 3516 792 3521 Ι
855 3558 974 3622 Laurus
996 3542 1033 3623 tt.

452 3716 633 3800 siluerint
656 3727 716 3783 tres
740 3719 839 3784 tineae
858 3719 1128 3800 proportionata,
1162 3729 1191 3782 et
1226 3737 1323 3803 quom
1346 3722 1525 3801 proportio·

362 3843 436 3891 nens
456 3816 548 3894 dubet
569 3829 703 3892 ausimo
717 3829 766 3894 ud
787 3845 962 3905 excessum,
984 3847 1047 3911 pou
1069 3830 1215 3893 muciano
1235 3829 1402 3893 minimum
1429 3845 1526 3910 rupe·

362 3944 437 4011 rot,
469 3936 599 4002 endem
632 3937 743 4001 babent
777 3936 860 4002 tineo
893 3937 1048 4018 puoedurn
1080 3945 1208 4019 sumptu
1240 3937 1283 4001 ed
1316 3934 1394 4000 duos
1418 3938 1526 4002 tertius

367 4062 534 4122 mmm,
555 4066 619 4132 quo
640 4048 784 4112 macine
805 4045 937 4111 medium
958 4058 1104 4131 ruperat:
1126 4056 1155 4111 et
1178 4047 1252 4110 item
1273 4064 1371 4130 quum
1390 4062 1524 4129 propor-

363 4173 436 4218 nem
463 4141 557 4223 itabat¹
573 4157 745 4238 ernapositu
766 4172 808 4220 sn
828 4154 972 4221 monimo
993 4163 1024 4219 et
1052 4154 1148 4237 dupio
1169 4153 1286 4219 medios
1308 4154 1350 4220 ud
1372 4154 1524 4234 composi·

362 4275 431 4328 tuss
450 4280 493 4329 ro
514 4264 608 4349 triplo
628 4265 789 4330 mosbour
807 4272 837 4326 et
860 4263 998 4338 medius,
1021 4263 1151 4328 eundem
1173 4262 1320 4327 babuerit
1352 4261 1417 4325 otio
1442 4261 1525 4323 baeu
1577 4316 1585 4329 .

361 4374 553 4458 sumptood
572 4392 735 4445 seeesrum
758 4391 821 4457 pue
842 4374 986 4440 monimo
1008 4373 1139 4438 medium
1154 4371 1290 4443 excedit,-
1304 4376 1398 4434 erunt
1413 4366 1524 4432 emtor

361 4485 465 4549 tineus
483 4496 625 4569 sossptue
646 4483 750 4557 simui,
774 4485 867 4548 tertio
887 4501 963 4567 porr
984 4485 1142 4548 nacturos
1162 4478 1454 4564 proportionalium.

447 4591 520 4660 Sint
541 4601 607 4661 tres
630 4597 736 4661 tineae
760 4596 1017 4680 proportionales
1032 4598 1098 4673 ΑΒ,
1113 4596 1176 4669 BC,
1200 4591 1251 4656 RF
1276 4584 1360 4671 (Fid
1386 4581 1474 4670 ¹3⁸2)·
1488 4591 1520 4648 ⁰⁸

359 4720 460 4785 quam
484 4706 726 4788 proportionem
742 4708 839 4774 babet
859 4710 911 4775 BF
926 4709 968 4773 ad
986 4708 1050 4785 Fu,
1067 4707 1152 4771 banc
1169 4704 1288 4770 babeat
1307 4695 1365 4772 MS
1381 4694 1422 4761 <td
1438 4695 1521 4759 (¹⁰³⁸
