3775 5759
360 648 426 715 ila
666 671 811 717 omnoour
834 672 936 719 ossus
960 672 1062 721 nuovo
1086 674 1212 721 soranus

683 850 852 914 l'nouruns
877 852 1127 947 il.'l'norostno
1153 856 1189 919 l'.

443 1012 484 1077 ln
507 1032 569 1107 aar
590 1025 719 1080 extenso
741 1019 832 1081 dutoe
853 1019 1196 1101 parobolae-punctum
1224 1020 1353 1083 sublime
1378 1022 1526 1101 reperire,

356 1141 398 1189 eu
419 1144 482 1207 quo
503 1125 615 1189 rodens
634 1128 820 1208 pnroboium
843 1129 945 1210 ipsam
968 1129 1123 1194 marubii.

446 1234 495 1300 Sit
520 1225 684 1319 parabola
701 1239 756 1302 ΑΒ
780 1237 864 1322 tFip.
883 1237 971 1325 115).
994 1240 1092 1321 eujus
1115 1241 1298 1322 amplitudo
1322 1241 1528 1310 illidaris

356 1351 511 1409 extensos
531 1344 602 1417 ilG.
625 1348 659 1409 in
683 1364 750 1429 quo
767 1349 960 1430 reperienda
974 1350 1018 1413 sit
1032 1350 1230 1425 sublimitas,
1248 1368 1373 1433 exque
1393 1349 1525 1423 uadens,

359 1460 520 1541 impetum
544 1457 578 1522 ln
603 1462 631 1522 Α
652 1466 850 1541 conceptum
874 1461 908 1523 iu
933 1460 1173 1525 horizontalem
1196 1466 1408 1535 eonvertens‚
1432 1476 1528 1541 para·

356 1566 466 1631 bolam
490 1566 545 1629 ΑΒ
567 1566 742 1632 describat.
768 1568 920 1633 lineatur
943 1568 1160 1633 horizontalis
1184 1566 1250 1640 AG.
1274 1568 1447 1649 quaeerit
1472 1584 1528 1649 pn·

358 1675 471 1741 rallelu
494 1675 557 1757 ipsi
582 1674 650 1748 ΒΗ,
667 1681 701 1738 et
720 1677 826 1757 posita
850 1674 905 1740 AF
926 1677 1059 1758 aequali
1084 1677 1154 1751 all,
1177 1677 1322 1743 dueatur
1344 1679 1439 1739 reeta
1465 1674 1528 1745 FB.

357 1797 442 1864 quae
465 1783 657 1862 parabolam
681 1788 794 1866 tnnqet
818 1785 852 1846 in
877 1785 913 1857 Β,
933 1792 967 1849 et
984 1785 1200 1851 orizontalem
1217 1784 1276 1851 AG
1290 1785 1325 1849 iu
1341 1783 1371 1849 G
1388 1786 1527 1853 secabit:

357 1891 606 1974 amipiaturque
628 1892 777 1973 ipsarum
802 1891 868 1964 ΒΑ,
886 1892 945 1960 ΑΒ
962 1895 1059 1958 tertia
1077 1894 1331 1977 proportionalis
1356 1894 1426 1961 AC.
1451 1894 1528 1960 liieo

358 2004 471 2071 (lesse
486 2009 646 2086 punctum
668 2003 810 2068 sublimo
833 2005 1033 2085 quaesitum,
1056 2022 1184 2086 exque
1206 2003 1329 2069 eadem
1351 2022 1397 2069 ex
1420 2004 1527 2087 quiete

358 2116 392 2179 in
407 2112 443 2185 G,
462 2119 495 2177 et
513 2114 713 2196 eonoeptum
732 2112 893 2194 impetum
914 2115 947 2177 in
966 2117 994 2178 n
1013 2115 1046 2179 in
1063 2114 1302 2179 horizontalem
1318 2119 1528 2182 eonverteur.

358 2224 611 2306 superveniente
637 2221 763 2304 impetu
787 2223 964 2287 descensus
988 2224 1021 2287 in
1045 2223 1074 2287 ll
1097 2239 1140 2287 ex
1163 2223 1273 2304 quiete
1295 2221 1330 2285 in
1357 2223 1411 2295 Α,
1436 2237 1527 2300 para·

358 2331 469 2396 bolam
495 2331 549 2395 ΑΒ
567 2330 741 2395 describet.
757 2330 791 2397 Si
806 2330 896 2395 enim
912 2331 1149 2413 intelligamus,
1169 2327 1314 2396 cnosso
1335 2344 1527 2393 mensuram

359 2441 516 2523 temporis
539 2438 716 2505 descensus
739 2456 781 2503 ex
803 2439 829 2505 C
854 2441 887 2503 in
913 2443 953 2516 Α,
976 2456 1035 2504 nee
1060 2456 1124 2503 non
1146 2438 1290 2519 impetus
1314 2435 1474 2517 acquisiti
1500 2435 1529 2498 in

360 2554 399 2621 Α,
423 2549 486 2614 erit
511 2545 568 2614 nt}
591 2546 717 2633 (media
739 2563 856 2629 nempe
881 2549 967 2613 inter
988 2546 1055 2616 CA.
1079 2543 1149 2632 al)
1175 2552 1304 2625 tempos
1327 2549 1362 2606 et
1387 2543 1529 2624 impetus

277 2676 280 2681 ·
363 2661 525 2725 venientis
548 2676 588 2721 ex
613 2658 637 2721 F
662 2658 695 2721 in
719 2661 758 2732 a,
785 2674 844 2721 seu
866 2674 908 2720 ex
932 2661 961 2720 Δ
985 2658 1018 2720 iu
1044 2656 1082 2720 ll.
1106 2655 1149 2720 Et
1171 2654 1249 2736 quia
1276 2652 1414 2717 seuleus
1439 2670 1482 2715 ex
1506 2650 1528 2715 C

361 2775 509 2848 tempore
532 2765 598 2835 CA.
622 2782 699 2828 oum
723 2767 846 2847 impetu
871 2766 1036 2847 aequisita
1059 2764 1092 2829 in
1117 2767 1166 2839 Δ,
1190 2760 1325 2827 oouflcit
1351 2763 1386 2825 iu
1409 2761 1527 2826 latione

363 2875 560 2941 horinontali
586 2881 680 2938 motu
703 2875 866 2957 aequabili
891 2875 1026 2958 duplum
1062 2873 1140 2947 Ca3
1175 2890 1255 2955 ergo
1288 2874 1395 2936 etiam
1430 2872 1529 2935 laton

363 2984 478 3050 eodem
504 2984 627 3065 impetu
649 2983 802 3049 condolet
826 2985 859 3048 ln
885 2992 1030 3065 tempore
1053 2982 1110 3048 AG
1134 2982 1268 3063 duplam
1292 2980 1363 3053 Gn,
1384 2978 1524 3045 median

359 3110 476 3175 nempe
500 3092 556 3156 ΒΗ
593 3089 710 3177 (spatia
733 3094 820 3156 enim
844 3094 994 3156 conlecta
1021 3094 1137 3156 eodem
1154 3098 1245 3155 motu
1263 3090 1434 3171 aequabili
1455 3094 1523 3153 suut

361 3203 445 3266 inter
468 3219 501 3264 se
525 3210 561 3264 ut
584 3203 762 3265 eorundem
788 3208 939 3264 motuum
966 3197 1137 3285 tempora),
1155 3208 1188 3263 et
1204 3200 1237 3262 in
1263 3198 1522 3280 perpendiculari

363 3319 454 3377 motu
485 3329 525 3374 ex
560 3313 690 3391 quiete,
724 3310 838 3374 eodem
874 3316 1019 3390 temporo
1042 3309 1100 3376 Gn
1124 3310 1302 3373 eonlieitor
1334 3308 1425 3380 ΑΙΙς
1457 3324 1525 3386 erqo

361 3422 476 3485 mem
506 3428 650 3500 tempore
677 3416 900 3483 coniiciuntur
923 3435 943 3480 a
968 3420 1080 3482 mobili
1105 3419 1289 3500 amplitudo
1314 3419 1372 3482 ΗΒ
1397 3426 1432 3481 et
1456 3415 1522 3480 alti·

363 3526 442 3591 tudo
466 3527 534 3590 all.
569 3527 775 3590 Describitur
809 3543 888 3608 ergo
922 3527 1226 3608 parabolarum
1255 3544 1336 3590 nasu
1369 3528 1521 3592 venientis

363 3655 381 3699 a
406 3636 612 3700 sublimitate
634 3636 671 3709 C,
695 3636 781 3716 qnod
806 3638 1040 3716 quaerebatur.

827 3806 1060 3870 Conournnu'n.

452 3973 534 4035 llinc¹
557 3978 699 4050 constat,
721 3974 893 4038 dimidiam
918 3975 1116 4048 baalmeon
1142 3975 1394 4056 amplitudinem
1432 3972 1514 4037 semi·

364 4079 537 4158 parabolae
562 4078 661 4163 {quae
684 4089 732 4144 est
756 4089 875 4161 quarta
899 4100 973 4163 pars
997 4082 1227 4163 amplitudinis
1251 4084 1401 4165 integrae
1433 4095 1512 4164 part·

361 4183 478 4270 boloe),
495 4203 565 4248 esse
585 4189 726 4252 mediam
753 4189 1027 4270 proportionalem
1052 4190 1138 4253 inter
1161 4188 1374 4252 altitudinem
1397 4187 1476 4269 olus,
1490 4186 1510 4241 ri

361 4296 611 4367 sublimitatem.
636 4313 678 4359 ex
701 4315 766 4377 qua
790 4297 912 4360 cadens
934 4315 1009 4361 eam
1029 4297 1179 4380 designat
1204 4295 1259 4380 (l).

431 4482 463 4540 (1)
482 4481 512 4528 lii
528 4484 571 4544 qut
594 4481 613 4527 si
631 4494 691 4528 ensa
709 4492 779 4528 esser
797 4480 954 4541 impossibile
973 4481 1021 4526 rlrr
1040 4479 1055 4525 il
1075 4479 1186 4540 projntto
1202 4477 1265 4528 vaila
1284 4481 1368 4539 punto
1392 4490 1438 4540 prr
1462 4476 1510 4520 liner
1561 4464 1564 4501 ¹

359 4566 432 4615 retia.
451 4564 569 4613 donendo
587 4563 609 4610 la
629 4569 696 4612 «nota
715 4562 776 4611 dell’
785 4561 957 4623 amplitudine
975 4576 1078 4623 senrpre
1095 4574 1166 4610 osser
1179 4563 1264 4609 media
1283 4554 1510 4623 proportionalem

360 4642 375 4687 l·
384 4642 479 4691 alterna
492 4660 506 4690 o
519 4645 541 4692 la
554 4644 695 4699 sublimiti.
709 4646 731 4693 lu
744 4645 803 4707 qual
816 4646 993 4695 rnrrvmoobln·
1006 4646 1054 4694 rire
1068 4646 1135 4695 losse
1148 4646 1255 4694 intinitn.
1276 4644 1317 4705 (Ν.
1331 4644 1373 4695 Μ
1392 4642 1490 4694 Vir-inrui
